<?xml version="1.0" encoding="UTF-8"?>
<!DOCTYPE html PUBLIC "-//W3C//DTD XHTML 1.0 Transitional//EN"
    "http://www.w3.org/TR/xhtml1/DTD/xhtml1-transitional.dtd">
<html xmlns="http://www.w3.org/1999/xhtml" xml:lang="en" lang="en">
 <head>
  <title>
</title>
<meta http-equiv="Content-Type" content="text/html;charset=utf-8" />
  <meta name='ocr-system' content='tesseract 3.04.00' />
  <meta name='ocr-capabilities' content='ocr_page ocr_carea ocr_par ocr_line ocrx_word'/>
</head>
<body>
  <div class='ocr_page' id='page_1' title='image "./diegriechischen03religoog_0280.png"; bbox 0 0 3744 5528; ppageno 0'>
   <div class='ocr_carea' id='block_1_1' title="bbox 354 501 1652 570">
    <p class='ocr_par' dir='ltr' id='par_1_1' title="bbox 354 501 1652 570">
     <span class='ocr_line' id='line_1_1' title="bbox 354 501 1652 570; baseline -0.003 -8"><span class='ocrx_word' id='word_1_1' title='bbox 354 507 411 570; x_wconf 80' lang='lat'><strong><em>162</em></strong></span> <span class='ocrx_word' id='word_1_2' title='bbox 907 502 1096 560; x_wconf 66' lang='lat' dir='ltr'><strong>Adamantius.</strong></span> <span class='ocrx_word' id='word_1_3' title='bbox 1233 501 1273 556; x_wconf 82' lang='lat' dir='ltr'><strong><em>De</em></strong></span> <span class='ocrx_word' id='word_1_4' title='bbox 1288 502 1318 556; x_wconf 77' lang='grc' dir='ltr'><strong><em>1ο</em></strong></span> <span class='ocrx_word' id='word_1_5' title='bbox 1335 503 1393 559; x_wconf 81' lang='lat' dir='ltr'><strong><em>Rue</em></strong></span> <span class='ocrx_word' id='word_1_6' title='bbox 1410 502 1449 556; x_wconf 85' lang='lat' dir='ltr'><strong><em>IV</em></strong></span> <span class='ocrx_word' id='word_1_7' title='bbox 1466 504 1652 561; x_wconf 63' lang='lat'>8470-8482.</span> 
     </span>
    </p>
   </div>
   <div class='ocr_carea' id='block_1_2' title="bbox 283 659 1655 2746">
    <p class='ocr_par' dir='ltr' id='par_1_2' title="bbox 283 659 1655 2746">
     <span class='ocr_line' id='line_1_2' title="bbox 350 659 1651 755; baseline 0.003 -22"><span class='ocrx_word' id='word_1_8' title='bbox 350 659 507 746; x_wconf 78' lang='grc' dir='ltr'><strong><em>κάκεῖνος</em></strong></span> <span class='ocrx_word' id='word_1_9' title='bbox 528 666 614 736; x_wconf 80' lang='grc' dir='ltr'><strong><em>εἶναι</em></strong></span> <span class='ocrx_word' id='word_1_10' title='bbox 635 663 751 751; x_wconf 89' lang='grc' dir='ltr'><strong><em>κακός,</em></strong></span> <span class='ocrx_word' id='word_1_11' title='bbox 778 661 914 755; x_wconf 78' lang='grc' dir='ltr'><strong><em>ἤρξατο·</em></strong></span> <span class='ocrx_word' id='word_1_12' title='bbox 933 671 969 736; x_wconf 83' lang='grc' dir='ltr'><strong><em>δὲ</em></strong></span> <span class='ocrx_word' id='word_1_13' title='bbox 990 672 1045 736; x_wconf 88' lang='grc' dir='ltr'><strong><em>καὶ</em></strong></span> <span class='ocrx_word' id='word_1_14' title='bbox 1069 671 1176 736; x_wconf 84' lang='grc' dir='ltr'><strong><em>ταῦτα</em></strong></span> <span class='ocrx_word' id='word_1_15' title='bbox 1200 664 1274 754; x_wconf 85' lang='grc' dir='ltr'><strong><em>&lt;τά&gt;</em></strong></span> <span class='ocrx_word' id='word_1_16' title='bbox 1296 663 1391 738; x_wconf 90' lang='grc' dir='ltr'><strong><em>κακά.</em></strong></span> <span class='ocrx_word' id='word_1_17' title='bbox 1434 671 1464 737; x_wconf 85' lang='grc' dir='ltr'><strong><em>εί</em></strong></span> <span class='ocrx_word' id='word_1_18' title='bbox 1484 671 1519 737; x_wconf 84' lang='grc' dir='ltr'><strong><em>δὲ</em></strong></span> <span class='ocrx_word' id='word_1_19' title='bbox 1541 661 1651 752; x_wconf 73' lang='grc' dir='ltr'><strong><em>οὕτως</em></strong></span> 
     </span>
     <span class='ocr_line' id='line_1_3' title="bbox 352 761 1651 856; baseline 0.007 -25"><span class='ocrx_word' id='word_1_20' title='bbox 352 765 430 850; x_wconf 87' lang='grc' dir='ltr'><strong><em>ἔχει,</em></strong></span> <span class='ocrx_word' id='word_1_21' title='bbox 457 761 519 835; x_wconf 84' lang='grc' dir='ltr'><strong><em>οάκ</em></strong></span> <span class='ocrx_word' id='word_1_22' title='bbox 545 767 637 836; x_wconf 86' lang='grc' dir='ltr'><strong><em>ἔστιν</em></strong></span> <span class='ocrx_word' id='word_1_23' title='bbox 664 761 818 854; x_wconf 88' lang='grc' dir='ltr'><strong><em>άνάρχως</em></strong></span> <span class='ocrx_word' id='word_1_24' title='bbox 843 763 961 852; x_wconf 89' lang='grc' dir='ltr'><strong><em>κακός,</em></strong></span> <span class='ocrx_word' id='word_1_25' title='bbox 989 762 1066 838; x_wconf 77' lang='grc' dir='ltr'><strong><em>οὐδὲ</em></strong></span> <span class='ocrx_word' id='word_1_26' title='bbox 1093 762 1239 856; x_wconf 84' lang='grc' dir='ltr'><strong><em>ἀγένητα</em></strong></span> <span class='ocrx_word' id='word_1_27' title='bbox 1266 763 1309 836; x_wconf 84' lang='grc' dir='ltr'><strong><em>τά</em></strong></span> <span class='ocrx_word' id='word_1_28' title='bbox 1330 764 1430 850; x_wconf 83' lang='grc' dir='ltr'><strong><em>κακά,</em></strong></span> <span class='ocrx_word' id='word_1_29' title='bbox 1454 772 1505 855; x_wconf 85' lang='grc' dir='ltr'><strong><em>τῷ</em></strong></span> <span class='ocrx_word' id='word_1_30' title='bbox 1526 769 1651 856; x_wconf 78' lang='grc' dir='ltr'><em>γενητὰ</em></span> 
     </span>
     <span class='ocr_line' id='line_1_4' title="bbox 340 859 786 950; baseline 0.013 -20"><span class='ocrx_word' id='word_1_31' title='bbox 340 859 436 950; x_wconf 80' lang='grc' dir='ltr'><strong><em>,πρὸς</em></strong></span> <span class='ocrx_word' id='word_1_32' title='bbox 458 860 563 936; x_wconf 84' lang='grc' dir='ltr'><strong><em>αάτοῦ</em></strong></span> <span class='ocrx_word' id='word_1_33' title='bbox 584 871 786 936; x_wconf 73' lang='grc' dir='ltr'><strong><em>δείκνυσθαι.</em></strong></span> 
     </span>
     <span class='ocr_line' id='line_1_5' title="bbox 435 958 1652 1056; baseline 0.003 -23"><span class='ocrx_word' id='word_1_34' title='bbox 435 970 495 1035; x_wconf 85' lang='grc' dir='ltr'><strong><em>ΔΡ.</em></strong></span> <span class='ocrx_word' id='word_1_35' title='bbox 533 959 636 1055; x_wconf 80' lang='grc' dir='ltr'><strong><em>Ἐφης</em></strong></span> <span class='ocrx_word' id='word_1_36' title='bbox 658 962 778 1056; x_wconf 85' lang='grc' dir='ltr'><strong><em>τρόπῳ</em></strong></span> <span class='ocrx_word' id='word_1_37' title='bbox 801 965 886 1036; x_wconf 87' lang='grc' dir='ltr'><strong><em>εῖναι</em></strong></span> <span class='ocrx_word' id='word_1_38' title='bbox 908 964 952 1036; x_wconf 82' lang='grc' dir='ltr'><strong><em>τὰ</em></strong></span> <span class='ocrx_word' id='word_1_39' title='bbox 973 961 1073 1048; x_wconf 86' lang='grc' dir='ltr'><strong><em>κακά,</em></strong></span> <span class='ocrx_word' id='word_1_40' title='bbox 1098 969 1155 1034; x_wconf 83' lang='grc' dir='ltr'><strong><em>καί</em></strong></span> <span class='ocrx_word' id='word_1_41' title='bbox 1177 958 1218 1034; x_wconf 80' lang='grc' dir='ltr'><strong><em>οὗ</em></strong></span> <span class='ocrx_word' id='word_1_42' title='bbox 1233 959 1309 1034; x_wconf 84' lang='grc' dir='ltr'><strong><em>κατ’</em></strong></span> <span class='ocrx_word' id='word_1_43' title='bbox 1332 960 1458 1048; x_wconf 85' lang='grc' dir='ltr'><strong><em>οάσίαν,</em></strong></span> <span class='ocrx_word' id='word_1_44' title='bbox 1483 970 1652 1037; x_wconf 77' lang='grc' dir='ltr'><strong><em>δείκνυται</em></strong></span> 
     </span>
     <span class='ocr_line' id='line_1_6' title="bbox 318 1054 1651 1156; baseline 0.008 -28"><span class='ocrx_word' id='word_1_45' title='bbox 318 1073 334 1128; x_wconf 84' lang='grc'>5</span> <span class='ocrx_word' id='word_1_46' title='bbox 352 1064 388 1130; x_wconf 82' lang='grc' dir='ltr'><strong><em>δὲ</em></strong></span> <span class='ocrx_word' id='word_1_47' title='bbox 409 1057 465 1134; x_wconf 78' lang='grc' dir='ltr'><strong><em>ἀπ’</em></strong></span> <span class='ocrx_word' id='word_1_48' title='bbox 488 1060 602 1147; x_wconf 84' lang='grc' dir='ltr'><strong><em>οάσίας</em></strong></span> <span class='ocrx_word' id='word_1_49' title='bbox 624 1061 781 1153; x_wconf 86' lang='grc' dir='ltr'><strong><em>γινόμενα</em></strong></span> <span class='ocrx_word' id='word_1_50' title='bbox 804 1063 846 1136; x_wconf 84' lang='grc' dir='ltr'><strong><em>τὰ</em></strong></span> <span class='ocrx_word' id='word_1_51' title='bbox 867 1061 961 1135; x_wconf 88' lang='grc' dir='ltr'><strong><em>κακά.</em></strong></span> <span class='ocrx_word' id='word_1_52' title='bbox 1005 1068 1212 1150; x_wconf 86' lang='grc' dir='ltr'><strong><em>σαφέστερον</em></strong></span> <span class='ocrx_word' id='word_1_53' title='bbox 1235 1054 1295 1134; x_wconf 80' lang='grc' dir='ltr'><strong><em>οὖν</em></strong></span> <span class='ocrx_word' id='word_1_54' title='bbox 1318 1069 1427 1151; x_wconf 76' lang='grc' dir='ltr'><strong><em>δεῖξον</em></strong></span> <span class='ocrx_word' id='word_1_55' title='bbox 1454 1058 1508 1135; x_wconf 84' lang='grc' dir='ltr'><strong><em>ότι</em></strong></span> <span class='ocrx_word' id='word_1_56' title='bbox 1530 1062 1651 1156; x_wconf 86' lang='grc' dir='ltr'><strong><em>τρόπῳ</em></strong></span> 
     </span>
     <span class='ocr_line' id='line_1_7' title="bbox 352 1158 806 1234; baseline 0.004 -2"><span class='ocrx_word' id='word_1_57' title='bbox 352 1165 423 1232; x_wconf 82' lang='grc' dir='ltr'><strong><em>ἐστὶ</em></strong></span> <span class='ocrx_word' id='word_1_58' title='bbox 444 1169 500 1233; x_wconf 85' lang='grc' dir='ltr'><strong><em>καὶ</em></strong></span> <span class='ocrx_word' id='word_1_59' title='bbox 523 1158 564 1233; x_wconf 84' lang='grc' dir='ltr'><strong><em>οά</em></strong></span> <span class='ocrx_word' id='word_1_60' title='bbox 584 1159 659 1233; x_wconf 82' lang='grc' dir='ltr'><strong><em>κατ’</em></strong></span> <span class='ocrx_word' id='word_1_61' title='bbox 682 1161 806 1234; x_wconf 84' lang='grc' dir='ltr'><strong><em>οάοίαν.</em></strong></span> 
     </span>
     <span class='ocr_line' id='line_1_8' title="bbox 436 1257 1652 1354; baseline 0.004 -24"><span class='ocrx_word' id='word_1_62' title='bbox 436 1267 502 1331; x_wconf 86' lang='grc' dir='ltr'><strong><em>ΑΔ.</em></strong></span> <span class='ocrx_word' id='word_1_63' title='bbox 537 1258 620 1351; x_wconf 74' lang='grc' dir='ltr'><strong><em>Ἐγὼ</em></strong></span> <span class='ocrx_word' id='word_1_64' title='bbox 641 1270 786 1351; x_wconf 79' lang='grc' dir='ltr'><strong><em>πρῶτον</em></strong></span> <span class='ocrx_word' id='word_1_65' title='bbox 808 1268 869 1352; x_wconf 81' lang='grc' dir='ltr'><strong><em>μέν</em></strong></span> <span class='ocrx_word' id='word_1_66' title='bbox 890 1271 933 1351; x_wconf 79' lang='grc' dir='ltr'><strong><em>τῇ</em></strong></span> <span class='ocrx_word' id='word_1_67' title='bbox 956 1261 1052 1348; x_wconf 83' lang='grc' dir='ltr'><strong><em>φύσει</em></strong></span> <span class='ocrx_word' id='word_1_68' title='bbox 1074 1257 1174 1332; x_wconf 79' lang='grc' dir='ltr'><strong><em>οὐδὲν</em></strong></span> <span class='ocrx_word' id='word_1_69' title='bbox 1190 1267 1324 1348; x_wconf 85' lang='grc' dir='ltr'><strong><em>φαῦλον</em></strong></span> <span class='ocrx_word' id='word_1_70' title='bbox 1338 1269 1437 1352; x_wconf 87' lang='grc' dir='ltr'><strong><em>λέγω,</em></strong></span> <span class='ocrx_word' id='word_1_71' title='bbox 1461 1269 1511 1353; x_wconf 82' lang='grc' dir='ltr'><strong><em>τῷ</em></strong></span> <span class='ocrx_word' id='word_1_72' title='bbox 1535 1268 1571 1334; x_wconf 85' lang='grc' dir='ltr'><strong><em>δὲ</em></strong></span> <span class='ocrx_word' id='word_1_73' title='bbox 1592 1271 1652 1354; x_wconf 85' lang='grc' dir='ltr'><strong><em>τῆς</em></strong></span> 
     </span>
     <span class='ocr_line' id='line_1_9' title="bbox 351 1357 1653 1454; baseline 0.004 -24"><span class='ocrx_word' id='word_1_74' title='bbox 351 1357 501 1449; x_wconf 81' lang='grc' dir='ltr'><strong><em>χρήσεως</em></strong></span> <span class='ocrx_word' id='word_1_75' title='bbox 531 1357 650 1450; x_wconf 85' lang='grc' dir='ltr'><strong><em>τρόπῳ</em></strong></span> <span class='ocrx_word' id='word_1_76' title='bbox 681 1362 788 1434; x_wconf 86' lang='grc' dir='ltr'><strong><em>κακὸν</em></strong></span> <span class='ocrx_word' id='word_1_77' title='bbox 817 1364 902 1434; x_wconf 89' lang='grc' dir='ltr'><strong><em>είναι</em></strong></span> <span class='ocrx_word' id='word_1_78' title='bbox 933 1367 1072 1450; x_wconf 85' lang='grc' dir='ltr'><strong><em>λέγεται.</em></strong></span> <span class='ocrx_word' id='word_1_79' title='bbox 1115 1360 1155 1432; x_wconf 88' lang='grc' dir='ltr'><strong><em>τὸ</em></strong></span> <span class='ocrx_word' id='word_1_80' title='bbox 1187 1359 1249 1451; x_wconf 86' lang='grc' dir='ltr'><strong><em>γάρ</em></strong></span> <span class='ocrx_word' id='word_1_81' title='bbox 1279 1367 1341 1452; x_wconf 84' lang='grc' dir='ltr'><strong><em>τῆς</em></strong></span> <span class='ocrx_word' id='word_1_82' title='bbox 1370 1370 1517 1451; x_wconf 82' lang='grc' dir='ltr'><strong><em>μοιχείας</em></strong></span> <span class='ocrx_word' id='word_1_83' title='bbox 1547 1357 1653 1454; x_wconf 87' lang='grc' dir='ltr'><strong><em>ὄνομα</em></strong></span> 
     </span>
     <span class='ocr_line' id='line_1_10' title="bbox 316 1458 1653 1551; baseline 0.003 -22"><span class='ocrx_word' id='word_1_84' title='bbox 316 1467 535 1542; x_wconf 80' lang='grc' dir='ltr'><strong><em>δκοινωνίος</em></strong></span> <span class='ocrx_word' id='word_1_85' title='bbox 562 1464 653 1532; x_wconf 78' lang='grc' dir='ltr'><strong><em>ἐστίν</em></strong></span> <span class='ocrx_word' id='word_1_86' title='bbox 679 1458 801 1549; x_wconf 89' lang='grc' dir='ltr'><strong><em>ἀνδρὸς</em></strong></span> <span class='ocrx_word' id='word_1_87' title='bbox 822 1469 878 1532; x_wconf 84' lang='grc' dir='ltr'><strong><em>καὶ</em></strong></span> <span class='ocrx_word' id='word_1_88' title='bbox 900 1459 1056 1551; x_wconf 87' lang='grc' dir='ltr'><strong><em>γυναικός</em></strong></span> <span class='ocrx_word' id='word_1_89' title='bbox 1079 1458 1299 1550; x_wconf 87' lang='grc' dir='ltr'><strong><em>σημαντικόν,</em></strong></span> <span class='ocrx_word' id='word_1_90' title='bbox 1327 1458 1399 1534; x_wconf 84' lang='grc' dir='ltr'><strong><em>ἀλλ’</em></strong></span> <span class='ocrx_word' id='word_1_91' title='bbox 1421 1462 1482 1534; x_wconf 83' lang='grc' dir='ltr'><strong><em>ἔάν</em></strong></span> <span class='ocrx_word' id='word_1_92' title='bbox 1502 1470 1653 1551; x_wconf 80' lang='grc' dir='ltr'><strong><em>κοινωνῇ</em></strong></span> 
     </span>
     <span class='ocr_line' id='line_1_11' title="bbox 302 1558 1653 1652; baseline 0.004 -24"><span class='ocrx_word' id='word_1_93' title='bbox 302 1563 335 1618; x_wconf 86' lang='grc'><strong><em>10</em></strong></span> <span class='ocrx_word' id='word_1_94' title='bbox 354 1587 406 1642; x_wconf 89' lang='grc' dir='ltr'><strong><em>τις</em></strong></span> <span class='ocrx_word' id='word_1_95' title='bbox 428 1567 471 1648; x_wconf 82' lang='grc' dir='ltr'><strong><em>τῇ</em></strong></span> <span class='ocrx_word' id='word_1_96' title='bbox 493 1567 624 1647; x_wconf 80' lang='grc' dir='ltr'><strong><em>γυναικί</em></strong></span> <span class='ocrx_word' id='word_1_97' title='bbox 644 1565 861 1643; x_wconf 81' lang='grc' dir='ltr'><strong><em>παιδοποιΐας</em></strong></span> <span class='ocrx_word' id='word_1_98' title='bbox 883 1562 979 1632; x_wconf 79' lang='grc' dir='ltr'><strong><em>ἔνεκα</em></strong></span> <span class='ocrx_word' id='word_1_99' title='bbox 998 1568 1055 1629; x_wconf 85' lang='grc' dir='ltr'><strong><em>καί</em></strong></span> <span class='ocrx_word' id='word_1_100' title='bbox 1069 1565 1130 1650; x_wconf 85' lang='grc' dir='ltr'><strong><em>τῆς</em></strong></span> <span class='ocrx_word' id='word_1_101' title='bbox 1144 1565 1207 1630; x_wconf 86' lang='grc' dir='ltr'><strong><em>τοῦ</em></strong></span> <span class='ocrx_word' id='word_1_102' title='bbox 1221 1565 1339 1647; x_wconf 78' lang='grc' dir='ltr'><em>γένους</em></span> <span class='ocrx_word' id='word_1_103' title='bbox 1354 1567 1519 1651; x_wconf 77' lang='grc' dir='ltr'><strong><em>διαδοχῆς,</em></strong></span> <span class='ocrx_word' id='word_1_104' title='bbox 1542 1558 1653 1652; x_wconf 85' lang='grc' dir='ltr'><strong><em>ἀγαθή</em></strong></span> 
     </span>
     <span class='ocr_line' id='line_1_12' title="bbox 353 1653 1653 1750; baseline 0.004 -23"><span class='ocrx_word' id='word_1_105' title='bbox 353 1686 405 1741; x_wconf 91' lang='grc' dir='ltr'><strong><em>τις</em></strong></span> <span class='ocrx_word' id='word_1_106' title='bbox 427 1653 448 1747; x_wconf 84' lang='grc' dir='ltr'><em>ἡ</em></span> <span class='ocrx_word' id='word_1_107' title='bbox 469 1666 633 1730; x_wconf 80' lang='grc' dir='ltr'><strong><em>κοινωνία</em></strong></span> <span class='ocrx_word' id='word_1_108' title='bbox 648 1668 784 1748; x_wconf 88' lang='grc' dir='ltr'><strong><em>γίνεται.</em></strong></span> <span class='ocrx_word' id='word_1_109' title='bbox 820 1665 848 1730; x_wconf 88' lang='grc' dir='ltr'><strong><em>εί</em></strong></span> <span class='ocrx_word' id='word_1_110' title='bbox 871 1666 909 1731; x_wconf 84' lang='grc' dir='ltr'><strong><em>δέ</em></strong></span> <span class='ocrx_word' id='word_1_111' title='bbox 928 1689 979 1742; x_wconf 89' lang='grc' dir='ltr'><strong><em>τις</em></strong></span> <span class='ocrx_word' id='word_1_112' title='bbox 998 1660 1199 1731; x_wconf 76' lang='grc' dir='ltr'><strong><em>καταλιπών</em></strong></span> <span class='ocrx_word' id='word_1_113' title='bbox 1221 1657 1285 1748; x_wconf 82' lang='grc' dir='ltr'><strong><em>τὴν</em></strong></span> <span class='ocrx_word' id='word_1_114' title='bbox 1299 1667 1444 1750; x_wconf 88' lang='grc' dir='ltr'><strong><em>νομίμην</em></strong></span> <span class='ocrx_word' id='word_1_115' title='bbox 1457 1667 1653 1746; x_wconf 86' lang='grc' dir='ltr'><strong><em>κοινωνίαν,</em></strong></span> 
     </span>
     <span class='ocr_line' id='line_1_13' title="bbox 353 1755 1654 1852; baseline 0.004 -25"><span class='ocrx_word' id='word_1_116' title='bbox 353 1762 514 1846; x_wconf 78' lang='grc' dir='ltr'><strong><em>ἔνυβρίζει</em></strong></span> <span class='ocrx_word' id='word_1_117' title='bbox 541 1755 657 1847; x_wconf 82' lang='grc' dir='ltr'><strong><em>γάμοις</em></strong></span> <span class='ocrx_word' id='word_1_118' title='bbox 684 1756 890 1848; x_wconf 88' lang='grc' dir='ltr'><strong><em>ἀλλοτρίοις,</em></strong></span> <span class='ocrx_word' id='word_1_119' title='bbox 922 1766 998 1829; x_wconf 88' lang='grc' dir='ltr'><strong><em>λίαν</em></strong></span> <span class='ocrx_word' id='word_1_120' title='bbox 1025 1762 1125 1847; x_wconf 81' lang='grc' dir='ltr'><strong><em>ἔργον</em></strong></span> <span class='ocrx_word' id='word_1_121' title='bbox 1151 1755 1294 1848; x_wconf 87' lang='grc' dir='ltr'><strong><em>πράττει</em></strong></span> <span class='ocrx_word' id='word_1_122' title='bbox 1320 1758 1440 1832; x_wconf 88' lang='grc' dir='ltr'><strong><em>κακόν·</em></strong></span> <span class='ocrx_word' id='word_1_123' title='bbox 1470 1768 1526 1832; x_wconf 92' lang='grc' dir='ltr'><strong><em>καὶ</em></strong></span> <span class='ocrx_word' id='word_1_124' title='bbox 1552 1757 1654 1852; x_wconf 78' lang='grc' dir='ltr'><strong><em>ἡμὲν</em></strong></span> 
     </span>
     <span class='ocr_line' id='line_1_14' title="bbox 353 1851 1654 1951; baseline 0.003 -25"><span class='ocrx_word' id='word_1_125' title='bbox 353 1864 518 1929; x_wconf 85' lang='grc' dir='ltr'><strong><em>κοινωνία</em></strong></span> <span class='ocrx_word' id='word_1_126' title='bbox 540 1855 560 1946; x_wconf 81' lang='grc' dir='ltr'><em>ἦ</em></span> <span class='ocrx_word' id='word_1_127' title='bbox 583 1855 678 1948; x_wconf 85' lang='grc' dir='ltr'><strong><em>αᾶτὴ,</em></strong></span> <span class='ocrx_word' id='word_1_128' title='bbox 701 1853 720 1929; x_wconf 90' lang='grc' dir='ltr'><strong><em>ό</em></strong></span> <span class='ocrx_word' id='word_1_129' title='bbox 743 1864 778 1930; x_wconf 78' lang='grc' dir='ltr'><strong><em>δὲ</em></strong></span> <span class='ocrx_word' id='word_1_130' title='bbox 801 1865 862 1948; x_wconf 84' lang='grc' dir='ltr'><strong><em>τῆς</em></strong></span> <span class='ocrx_word' id='word_1_131' title='bbox 882 1856 1031 1947; x_wconf 80' lang='grc' dir='ltr'><strong><em>χρήσεως</em></strong></span> <span class='ocrx_word' id='word_1_132' title='bbox 1046 1854 1177 1945; x_wconf 82' lang='grc' dir='ltr'><strong><em>τρόπος</em></strong></span> <span class='ocrx_word' id='word_1_133' title='bbox 1197 1854 1257 1945; x_wconf 84' lang='grc' dir='ltr'><strong><em>οόχ</em></strong></span> <span class='ocrx_word' id='word_1_134' title='bbox 1279 1851 1404 1948; x_wconf 81' lang='grc' dir='ltr'><strong><em>ὅμοιος.</em></strong></span> <span class='ocrx_word' id='word_1_135' title='bbox 1438 1867 1494 1931; x_wconf 83' lang='grc' dir='ltr'><strong><em>καὶ</em></strong></span> <span class='ocrx_word' id='word_1_136' title='bbox 1515 1864 1570 1932; x_wconf 77' lang='grc' dir='ltr'><strong><em>ἐπὶ</em></strong></span> <span class='ocrx_word' id='word_1_137' title='bbox 1593 1867 1654 1951; x_wconf 84' lang='grc' dir='ltr'><strong><em>τῆς</em></strong></span> 
     </span>
     <span class='ocr_line' id='line_1_15' title="bbox 353 1951 1655 2047; baseline 0.003 -21"><span class='ocrx_word' id='word_1_138' title='bbox 353 1962 511 2046; x_wconf 86' lang='grc' dir='ltr'><strong><em>πορνείας</em></strong></span> <span class='ocrx_word' id='word_1_139' title='bbox 538 1963 574 2028; x_wconf 82' lang='grc' dir='ltr'><strong><em>δὲ</em></strong></span> <span class='ocrx_word' id='word_1_140' title='bbox 601 1951 620 2027; x_wconf 88' lang='grc' dir='ltr'><strong><em>ό</em></strong></span> <span class='ocrx_word' id='word_1_141' title='bbox 648 1954 751 2041; x_wconf 84' lang='grc' dir='ltr'><strong><em>αάτδς</em></strong></span> <span class='ocrx_word' id='word_1_142' title='bbox 779 1955 886 2047; x_wconf 83' lang='grc' dir='ltr'><strong><em>λόγος.</em></strong></span> <span class='ocrx_word' id='word_1_143' title='bbox 930 1954 951 2046; x_wconf 84' lang='grc' dir='ltr'><em>ἡ</em></span> <span class='ocrx_word' id='word_1_144' title='bbox 973 1962 1137 2028; x_wconf 90' lang='grc' dir='ltr'><strong><em>κοινωνία</em></strong></span> <span class='ocrx_word' id='word_1_145' title='bbox 1159 1965 1287 2042; x_wconf 89' lang='grc' dir='ltr'><strong><em>τοίνυν,</em></strong></span> <span class='ocrx_word' id='word_1_146' title='bbox 1313 1965 1417 2047; x_wconf 74' lang='grc' dir='ltr'><strong><em>χωρὶς</em></strong></span> <span class='ocrx_word' id='word_1_147' title='bbox 1439 1965 1503 2031; x_wconf 86' lang='grc' dir='ltr'><strong><em>τοῦ</em></strong></span> <span class='ocrx_word' id='word_1_148' title='bbox 1524 1956 1655 2046; x_wconf 77' lang='grc' dir='ltr'><strong><em>τρόπου</em></strong></span> 
     </span>
     <span class='ocr_line' id='line_1_16' title="bbox 303 2053 1654 2147; baseline 0.007 -26"><span class='ocrx_word' id='word_1_149' title='bbox 303 2068 336 2122; x_wconf 82' lang='lat'><strong><em>15</em></strong></span> <span class='ocrx_word' id='word_1_150' title='bbox 354 2060 415 2143; x_wconf 83' lang='grc' dir='ltr'><strong><em>τῆς</em></strong></span> <span class='ocrx_word' id='word_1_151' title='bbox 440 2053 590 2145; x_wconf 86' lang='grc' dir='ltr'><strong><em>χρήσεως</em></strong></span> <span class='ocrx_word' id='word_1_152' title='bbox 615 2061 849 2147; x_wconf 75' lang='grc' dir='ltr'><strong><em>ἐξεταζομένη,</em></strong></span> <span class='ocrx_word' id='word_1_153' title='bbox 880 2055 987 2129; x_wconf 88' lang='grc' dir='ltr'><strong><em>κακὸν</em></strong></span> <span class='ocrx_word' id='word_1_154' title='bbox 1013 2053 1076 2128; x_wconf 83' lang='grc' dir='ltr'><strong><em>οάκ</em></strong></span> <span class='ocrx_word' id='word_1_155' title='bbox 1102 2059 1185 2127; x_wconf 88' lang='grc' dir='ltr'><strong><em>ἔστι·</em></strong></span> <span class='ocrx_word' id='word_1_156' title='bbox 1216 2053 1296 2128; x_wconf 89' lang='grc' dir='ltr'><strong><em>τότε</em></strong></span> <span class='ocrx_word' id='word_1_157' title='bbox 1325 2063 1362 2128; x_wconf 80' lang='grc' dir='ltr'><strong><em>δέ</em></strong></span> <span class='ocrx_word' id='word_1_158' title='bbox 1392 2064 1518 2147; x_wconf 90' lang='grc' dir='ltr'><strong><em>γίνεται</em></strong></span> <span class='ocrx_word' id='word_1_159' title='bbox 1547 2057 1654 2130; x_wconf 85' lang='grc' dir='ltr'><strong><em>κακόν</em></strong></span> 
     </span>
     <span class='ocr_line' id='line_1_17' title="bbox 354 2149 1654 2248; baseline 0.002 -22"><span class='ocrx_word' id='word_1_160' title='bbox 354 2149 460 2226; x_wconf 85' lang='grc' dir='ltr'><strong><em>ὁπότε</em></strong></span> <span class='ocrx_word' id='word_1_161' title='bbox 482 2151 501 2226; x_wconf 87' lang='grc' dir='ltr'><strong><em>δ</em></strong></span> <span class='ocrx_word' id='word_1_162' title='bbox 524 2152 653 2242; x_wconf 89' lang='grc' dir='ltr'><strong><em>τρόπος</em></strong></span> <span class='ocrx_word' id='word_1_163' title='bbox 674 2160 745 2227; x_wconf 82' lang='grc' dir='ltr'><strong><em>ἔστί</em></strong></span> <span class='ocrx_word' id='word_1_164' title='bbox 767 2154 884 2248; x_wconf 85' lang='grc' dir='ltr'><strong><em>σαφής.</em></strong></span> <span class='ocrx_word' id='word_1_165' title='bbox 921 2153 1008 2229; x_wconf 85' lang='grc' dir='ltr'><strong><em>ἀλλὰ</em></strong></span> <span class='ocrx_word' id='word_1_166' title='bbox 1026 2165 1082 2228; x_wconf 83' lang='grc' dir='ltr'><strong><em>καὶ</em></strong></span> <span class='ocrx_word' id='word_1_167' title='bbox 1097 2155 1161 2228; x_wconf 87' lang='grc' dir='ltr'><strong><em>τόν</em></strong></span> <span class='ocrx_word' id='word_1_168' title='bbox 1175 2153 1287 2243; x_wconf 91' lang='grc' dir='ltr'><strong><em>φόνον</em></strong></span> <span class='ocrx_word' id='word_1_169' title='bbox 1308 2152 1434 2247; x_wconf 82' lang='grc' dir='ltr'><strong><em>ὁμοίως</em></strong></span> <span class='ocrx_word' id='word_1_170' title='bbox 1452 2160 1539 2246; x_wconf 86' lang='grc' dir='ltr'><strong><em>ἔχειν</em></strong></span> <span class='ocrx_word' id='word_1_171' title='bbox 1561 2166 1654 2248; x_wconf 90' lang='grc' dir='ltr'><strong><em>φημί.</em></strong></span> 
     </span>
     <span class='ocr_line' id='line_1_18' title="bbox 283 2249 1655 2349; baseline 0.001 -23"><span class='ocrx_word' id='word_1_172' title='bbox 283 2271 336 2326; x_wconf 79' lang='grc'><strong><em>848</em></strong></span> <span class='ocrx_word' id='word_1_173' title='bbox 352 2252 412 2324; x_wconf 85' lang='grc' dir='ltr'><strong><em>ίάν</em></strong></span> <span class='ocrx_word' id='word_1_174' title='bbox 431 2259 435 2343; x_wconf 94' lang='grc' dir='ltr'>Ι</span> <span class='ocrx_word' id='word_1_175' title='bbox 455 2252 517 2342; x_wconf 91' lang='grc' dir='ltr'><strong><em>γάρ</em></strong></span> <span class='ocrx_word' id='word_1_176' title='bbox 540 2284 591 2338; x_wconf 90' lang='grc' dir='ltr'><strong><em>τις</em></strong></span> <span class='ocrx_word' id='word_1_177' title='bbox 617 2254 680 2327; x_wconf 88' lang='grc' dir='ltr'><strong><em>τὸν</em></strong></span> <span class='ocrx_word' id='word_1_178' title='bbox 706 2262 760 2328; x_wconf 79' lang='grc' dir='ltr'><strong><em>ἐπὶ</em></strong></span> <span class='ocrx_word' id='word_1_179' title='bbox 781 2263 910 2349; x_wconf 79' lang='grc' dir='ltr'><strong><em>μοιχείᾳ</em></strong></span> <span class='ocrx_word' id='word_1_180' title='bbox 937 2263 1116 2345; x_wconf 78' lang='grc' dir='ltr'><strong><em>ληφθέντα</em></strong></span> <span class='ocrx_word' id='word_1_181' title='bbox 1138 2253 1335 2328; x_wconf 76' lang='grc' dir='ltr'><strong><em>ἀποκτεῖναι</em></strong></span> <span class='ocrx_word' id='word_1_182' title='bbox 1357 2261 1456 2344; x_wconf 81' lang='grc' dir='ltr'><strong><em>θέλῃ,</em></strong></span> <span class='ocrx_word' id='word_1_183' title='bbox 1483 2262 1576 2340; x_wconf 86' lang='grc' dir='ltr'><strong><em>δίκας</em></strong></span> <span class='ocrx_word' id='word_1_184' title='bbox 1603 2249 1655 2328; x_wconf 76' lang='grc' dir='ltr'><strong><em>ἄν</em></strong></span> 
     </span>
     <span class='ocr_line' id='line_1_19' title="bbox 353 2349 1654 2446; baseline 0.002 -23"><span class='ocrx_word' id='word_1_185' title='bbox 353 2349 538 2443; x_wconf 78' lang='grc' dir='ltr'><strong><em>ἐτόλμησεν</em></strong></span> <span class='ocrx_word' id='word_1_186' title='bbox 559 2351 730 2440; x_wconf 80' lang='grc' dir='ltr'><strong><em>ἀπαιτῶν,</em></strong></span> <span class='ocrx_word' id='word_1_187' title='bbox 758 2356 864 2428; x_wconf 87' lang='grc' dir='ltr'><strong><em>κακὸν</em></strong></span> <span class='ocrx_word' id='word_1_188' title='bbox 891 2353 953 2427; x_wconf 77' lang='grc' dir='ltr'><strong><em>οὐκ</em></strong></span> <span class='ocrx_word' id='word_1_189' title='bbox 978 2353 1164 2445; x_wconf 77' lang='grc' dir='ltr'><strong><em>ἐργάζεται·</em></strong></span> <span class='ocrx_word' id='word_1_190' title='bbox 1195 2354 1255 2427; x_wconf 85' lang='grc' dir='ltr'><strong><em>έάν</em></strong></span> <span class='ocrx_word' id='word_1_191' title='bbox 1281 2359 1319 2426; x_wconf 87' lang='grc' dir='ltr'><strong><em>δέ</em></strong></span> <span class='ocrx_word' id='word_1_192' title='bbox 1339 2384 1391 2440; x_wconf 89' lang='grc' dir='ltr'><strong><em>τις</em></strong></span> <span class='ocrx_word' id='word_1_193' title='bbox 1412 2355 1476 2428; x_wconf 85' lang='grc' dir='ltr'><strong><em>τόν</em></strong></span> <span class='ocrx_word' id='word_1_194' title='bbox 1496 2363 1599 2446; x_wconf 90' lang='grc' dir='ltr'><strong><em>μηδέν</em></strong></span> <span class='ocrx_word' id='word_1_195' title='bbox 1621 2384 1654 2429; x_wconf 93' lang='grc' dir='ltr'><strong><em>τι</em></strong></span> 
     </span>
     <span class='ocr_line' id='line_1_20' title="bbox 354 2451 1655 2546; baseline 0.002 -23"><span class='ocrx_word' id='word_1_196' title='bbox 354 2461 427 2524; x_wconf 82' lang='grc' dir='ltr'><strong><em>τῶν</em></strong></span> <span class='ocrx_word' id='word_1_197' title='bbox 449 2451 731 2544; x_wconf 78' lang='grc' dir='ltr'><strong><em>ἀπηγορευμένων</em></strong></span> <span class='ocrx_word' id='word_1_198' title='bbox 745 2453 959 2546; x_wconf 85' lang='grc' dir='ltr'><strong><em>πεποιηκότα</em></strong></span> <span class='ocrx_word' id='word_1_199' title='bbox 981 2452 1145 2546; x_wconf 83' lang='grc' dir='ltr'><strong><em>ἀναιρὴση</em></strong></span> <span class='ocrx_word' id='word_1_200' title='bbox 1167 2452 1305 2538; x_wconf 84' lang='grc' dir='ltr'><strong><em>οάδενός</em></strong></span> <span class='ocrx_word' id='word_1_201' title='bbox 1326 2453 1433 2545; x_wconf 83' lang='grc' dir='ltr'><strong><em>ἄλλης</em></strong></span> <span class='ocrx_word' id='word_1_202' title='bbox 1454 2455 1655 2544; x_wconf 80' lang='grc' dir='ltr'><strong><em>προφάσεως</em></strong></span> 
     </span>
     <span class='ocr_line' id='line_1_21' title="bbox 303 2549 1655 2646; baseline -0.001 -18"><span class='ocrx_word' id='word_1_203' title='bbox 303 2573 337 2628; x_wconf 87' lang='grc'><strong><em>20</em></strong></span> <span class='ocrx_word' id='word_1_204' title='bbox 354 2549 457 2640; x_wconf 90' lang='grc' dir='ltr'><strong><em>λόγου</em></strong></span> <span class='ocrx_word' id='word_1_205' title='bbox 477 2551 588 2643; x_wconf 85' lang='grc' dir='ltr'><strong><em>χάριν,</em></strong></span> <span class='ocrx_word' id='word_1_206' title='bbox 617 2551 694 2627; x_wconf 83' lang='grc' dir='ltr'><strong><em>οόδέ</em></strong></span> <span class='ocrx_word' id='word_1_207' title='bbox 716 2562 777 2646; x_wconf 87' lang='grc' dir='ltr'><strong><em>τῆς</em></strong></span> <span class='ocrx_word' id='word_1_208' title='bbox 804 2563 879 2626; x_wconf 82' lang='grc' dir='ltr'><strong><em>τῶν</em></strong></span> <span class='ocrx_word' id='word_1_209' title='bbox 901 2557 1038 2627; x_wconf 87' lang='grc' dir='ltr'><strong><em>οίκείων</em></strong></span> <span class='ocrx_word' id='word_1_210' title='bbox 1061 2552 1270 2644; x_wconf 76' lang='grc' dir='ltr'><strong><em>ἀφαιρέσεως</em></strong></span> <span class='ocrx_word' id='word_1_211' title='bbox 1292 2557 1402 2640; x_wconf 81' lang='grc' dir='ltr'><strong><em>ἔνεκα,</em></strong></span> <span class='ocrx_word' id='word_1_212' title='bbox 1434 2562 1612 2627; x_wconf 82' lang='grc' dir='ltr'><strong><em>τουτέστιν</em></strong></span> <span class='ocrx_word' id='word_1_213' title='bbox 1633 2551 1655 2644; x_wconf 82' lang='grc' dir='ltr'>ἢ</span> 
     </span>
     <span class='ocr_line' id='line_1_22' title="bbox 286 2649 1654 2746; baseline 0.003 -24"><span class='ocrx_word' id='word_1_214' title='bbox 286 2717 288 2722; x_wconf 92' lang='grc'><strong><em>.</em></strong></span> <span class='ocrx_word' id='word_1_215' title='bbox 352 2650 535 2743; x_wconf 88' lang='grc' dir='ltr'><strong><em>χρημάτων</em></strong></span> <span class='ocrx_word' id='word_1_216' title='bbox 557 2649 788 2746; x_wconf 79' lang='grc' dir='ltr'><strong><em>ἢκτημάτων,</em></strong></span> <span class='ocrx_word' id='word_1_217' title='bbox 812 2661 945 2742; x_wconf 86' lang='grc' dir='ltr'><strong><em>φαῦλον</em></strong></span> <span class='ocrx_word' id='word_1_218' title='bbox 960 2652 1140 2744; x_wconf 79' lang='grc' dir='ltr'><strong><em>ἐργάζεται.</em></strong></span> <span class='ocrx_word' id='word_1_219' title='bbox 1177 2654 1289 2725; x_wconf 86' lang='grc' dir='ltr'><strong><em>καὶτὸ</em></strong></span> <span class='ocrx_word' id='word_1_220' title='bbox 1310 2661 1372 2744; x_wconf 80' lang='grc' dir='ltr'><strong><em>μέν</em></strong></span> <span class='ocrx_word' id='word_1_221' title='bbox 1387 2658 1484 2744; x_wconf 80' lang='grc' dir='ltr'><strong><em>ἔργον</em></strong></span> <span class='ocrx_word' id='word_1_222' title='bbox 1506 2653 1547 2725; x_wconf 85' lang='grc' dir='ltr'><strong><em>τὸ</em></strong></span> <span class='ocrx_word' id='word_1_223' title='bbox 1571 2651 1654 2726; x_wconf 73' lang='grc' dir='ltr'><strong><em>αὐτὸ</em></strong></span> 
     </span>
    </p>
   </div>
   <div class='ocr_carea' id='block_1_3' title="bbox 353 2749 1656 2845">
    <p class='ocr_par' dir='ltr' id='par_1_3' title="bbox 353 2749 1656 2845">
     <span class='ocr_line' id='line_1_23' title="bbox 353 2749 1656 2845; baseline 0.002 -21"><span class='ocrx_word' id='word_1_224' title='bbox 353 2749 405 2824; x_wconf 78' lang='grc' dir='ltr'><strong><em>ἔπ’</em></strong></span> <span class='ocrx_word' id='word_1_225' title='bbox 429 2749 637 2845; x_wconf 89' lang='grc' dir='ltr'><strong><em>ἀμφοτέρων</em></strong></span> <span class='ocrx_word' id='word_1_226' title='bbox 660 2763 798 2843; x_wconf 88' lang='grc' dir='ltr'><strong><em>γίνεται,</em></strong></span> <span class='ocrx_word' id='word_1_227' title='bbox 822 2750 892 2826; x_wconf 81' lang='grc' dir='ltr'><strong><em>όδὲ</em></strong></span> <span class='ocrx_word' id='word_1_228' title='bbox 908 2751 1037 2844; x_wconf 88' lang='grc' dir='ltr'><strong><em>τρόπος</em></strong></span> <span class='ocrx_word' id='word_1_229' title='bbox 1051 2760 1115 2827; x_wconf 86' lang='grc' dir='ltr'><strong><em>τοῦ</em></strong></span> <span class='ocrx_word' id='word_1_230' title='bbox 1136 2756 1237 2844; x_wconf 81' lang='grc' dir='ltr'><strong><em>ἔργου</em></strong></span> <span class='ocrx_word' id='word_1_231' title='bbox 1252 2753 1317 2842; x_wconf 87' lang='grc' dir='ltr'><strong><em>τὴν</em></strong></span> <span class='ocrx_word' id='word_1_232' title='bbox 1337 2753 1505 2842; x_wconf 82' lang='grc' dir='ltr'><strong><em>διαφοράν</em></strong></span> <span class='ocrx_word' id='word_1_233' title='bbox 1520 2757 1656 2844; x_wconf 75' lang='grc' dir='ltr'><strong><em>ἐμποιει</em></strong></span> 
     </span>
    </p>
   </div>
   <div class='ocr_carea' id='block_1_4' title="bbox 352 3055 1660 4738">
    <p class='ocr_par' dir='ltr' id='par_1_4' title="bbox 352 3055 1660 4738">
     <span class='ocr_line' id='line_1_24' title="bbox 438 3055 1654 3126; baseline -0.002 -11"><span class='ocrx_word' id='word_1_234' title='bbox 438 3060 454 3115; x_wconf 95' lang='lat'>1</span> <span class='ocrx_word' id='word_1_235' title='bbox 473 3057 508 3115; x_wconf 82' lang='grc' dir='ltr'><strong><em>τά</em></strong></span> <span class='ocrx_word' id='word_1_236' title='bbox 527 3069 560 3118; x_wconf 94' lang='grc'>&lt;</span> <span class='ocrx_word' id='word_1_237' title='bbox 578 3059 603 3113; x_wconf 89' lang='lat' dir='ltr'><strong><em>d.</em></strong></span> <span class='ocrx_word' id='word_1_238' title='bbox 621 3060 692 3114; x_wconf 88' lang='lat' dir='ltr'>HSS.</span> <span class='ocrx_word' id='word_1_239' title='bbox 722 3067 810 3114; x_wconf 74' lang='grc' dir='ltr'><strong><em>ταῦτα</em></strong></span> <span class='ocrx_word' id='word_1_240' title='bbox 828 3057 863 3115; x_wconf 79' lang='grc' dir='ltr'><strong><em>τά</em></strong></span> <span class='ocrx_word' id='word_1_241' title='bbox 883 3060 967 3114; x_wconf 74' lang='lat' dir='ltr'>Meth.</span> <span class='ocrx_word' id='word_1_242' title='bbox 984 3059 1031 3115; x_wconf 85' lang='lat' dir='ltr'><strong><em>bei</em></strong></span> <span class='ocrx_word' id='word_1_243' title='bbox 1048 3058 1110 3113; x_wconf 72' lang='lat' dir='ltr'><strong>Eue.</strong></span> <span class='ocrx_word' id='word_1_244' title='bbox 1126 3059 1130 3126; x_wconf 93' lang='grc' dir='ltr'>Ι</span> <span class='ocrx_word' id='word_1_245' title='bbox 1146 3059 1166 3114; x_wconf 73' lang='lat'><strong>⁸</strong></span> <span class='ocrx_word' id='word_1_246' title='bbox 1184 3055 1271 3114; x_wconf 71' lang='grc' dir='ltr'><strong><em>αὐτοῦ</em></strong></span> <span class='ocrx_word' id='word_1_247' title='bbox 1288 3059 1382 3125; x_wconf 74' lang='grc' dir='ltr'><strong><em>Μείίι,</em></strong></span> <span class='ocrx_word' id='word_1_248' title='bbox 1400 3056 1495 3115; x_wconf 85' lang='grc' dir='ltr'><strong><em>αίιτῶν</em></strong></span> <span class='ocrx_word' id='word_1_249' title='bbox 1513 3059 1539 3113; x_wconf 91' lang='lat' dir='ltr'><strong><em>d.</em></strong></span> <span class='ocrx_word' id='word_1_250' title='bbox 1556 3059 1628 3114; x_wconf 83' lang='lat' dir='ltr'>HSS.</span> <span class='ocrx_word' id='word_1_251' title='bbox 1650 3059 1654 3126; x_wconf 92' lang='grc' dir='ltr'>Ι</span> 
     </span>
     <span class='ocr_line' id='line_1_25' title="bbox 352 3137 1654 3215; baseline 0.003 -18"><span class='ocrx_word' id='word_1_252' title='bbox 352 3143 523 3213; x_wconf 79' lang='grc' dir='ltr'><strong><em>δείκνυσθαι]</em></strong></span> <span class='ocrx_word' id='word_1_253' title='bbox 542 3137 722 3212; x_wconf 77' lang='grc' dir='ltr'><strong><em>εἶναιφάναι</em></strong></span> <span class='ocrx_word' id='word_1_254' title='bbox 744 3145 829 3202; x_wconf 80' lang='lat' dir='ltr'><strong>Meth.</strong></span> <span class='ocrx_word' id='word_1_255' title='bbox 853 3147 858 3212; x_wconf 88' lang='grc' dir='ltr'>Ι</span> <span class='ocrx_word' id='word_1_256' title='bbox 884 3146 898 3199; x_wconf 78' lang='grc' dir='ltr'><strong><em>ί</em></strong></span> <span class='ocrx_word' id='word_1_257' title='bbox 917 3140 1034 3213; x_wconf 81' lang='grc' dir='ltr'><strong><em>Ἐγὼ-</em></strong></span> <span class='ocrx_word' id='word_1_258' title='bbox 1046 3144 1119 3199; x_wconf 68' lang='lat'>849⁸</span> <span class='ocrx_word' id='word_1_259' title='bbox 1141 3137 1159 3198; x_wconf 80' lang='grc' dir='ltr'><strong><em>δι</em></strong></span> <span class='ocrx_word' id='word_1_260' title='bbox 1184 3141 1317 3215; x_wconf 79' lang='grc' dir='ltr'><strong><em>βούλεται</em></strong></span> <span class='ocrx_word' id='word_1_261' title='bbox 1337 3141 1489 3200; x_wconf 81' lang='grc' dir='ltr'><strong><em>δεδωκέναι</em></strong></span> <span class='ocrx_word' id='word_1_262' title='bbox 1508 3143 1602 3202; x_wconf 73' lang='lat' dir='ltr'><strong>loth.</strong></span> <span class='ocrx_word' id='word_1_263' title='bbox 1618 3143 1654 3202; x_wconf 80' lang='lat' dir='ltr'><strong><em>B.</em></strong></span> 
     </span>
     <span class='ocr_line' id='line_1_26' title="bbox 352 3226 1656 3300; baseline -0.001 -15"><span class='ocrx_word' id='word_1_264' title='bbox 352 3227 384 3285; x_wconf 79' lang='lat' dir='ltr'><strong><em>S.</em></strong></span> <span class='ocrx_word' id='word_1_265' title='bbox 395 3226 510 3283; x_wconf 71' lang='lat'>48-48</span> <span class='ocrx_word' id='word_1_266' title='bbox 525 3230 529 3297; x_wconf 92' lang='grc' dir='ltr'>Ι</span> <span class='ocrx_word' id='word_1_267' title='bbox 545 3235 659 3300; x_wconf 81' lang='grc' dir='ltr'><strong><em>πρῶτον</em></strong></span> <span class='ocrx_word' id='word_1_268' title='bbox 677 3227 730 3297; x_wconf 78' lang='grc' dir='ltr'><strong><em>μέν</em></strong></span> <span class='ocrx_word' id='word_1_269' title='bbox 746 3228 872 3292; x_wconf 66' lang='grc' dir='ltr'><strong><em>ΑΒΟΙἮ,</em></strong></span> <span class='ocrx_word' id='word_1_270' title='bbox 889 3228 942 3296; x_wconf 77' lang='grc' dir='ltr'><strong><em>μὲν</em></strong></span> <span class='ocrx_word' id='word_1_271' title='bbox 959 3238 992 3287; x_wconf 97' lang='grc'>&lt;</span> <span class='ocrx_word' id='word_1_272' title='bbox 1004 3227 1085 3294; x_wconf 70' lang='grc' dir='ltr'><strong><em>ΒΕΘ,</em></strong></span> <span class='ocrx_word' id='word_1_273' title='bbox 1104 3227 1244 3297; x_wconf 73' lang='grc' dir='ltr'><strong><em>υυήοίιίίς</em></strong></span> <span class='ocrx_word' id='word_1_274' title='bbox 1261 3227 1286 3281; x_wconf 76' lang='grc' dir='ltr'><strong><em>δ,</em></strong></span> <span class='ocrx_word' id='word_1_275' title='bbox 1303 3227 1322 3281; x_wconf 77' lang='lat'><strong><em>1.</em></strong></span> <span class='ocrx_word' id='word_1_276' title='bbox 1338 3227 1370 3282; x_wconf 69' lang='lat' dir='ltr'><strong>R</strong></span> <span class='ocrx_word' id='word_1_277' title='bbox 1385 3228 1422 3296; x_wconf 88' lang='grc'><strong><em>18</em></strong></span> <span class='ocrx_word' id='word_1_278' title='bbox 1436 3229 1564 3300; x_wconf 76' lang='grc' dir='ltr'><strong><em>χρήσεως</em></strong></span> <span class='ocrx_word' id='word_1_279' title='bbox 1580 3228 1656 3298; x_wconf 84' lang='lat' dir='ltr'><strong>Gonj.</strong></span> 
     </span>
     <span class='ocr_line' id='line_1_27' title="bbox 352 3299 1656 3384; baseline 0.003 -20"><span class='ocrx_word' id='word_1_280' title='bbox 352 3311 455 3376; x_wconf 76' lang='grc' dir='ltr'><strong><em>ίαίεοέ,</em></strong></span> <span class='ocrx_word' id='word_1_281' title='bbox 476 3310 587 3383; x_wconf 76' lang='grc' dir='ltr'><strong><em>φάσεως</em></strong></span> <span class='ocrx_word' id='word_1_282' title='bbox 604 3313 630 3368; x_wconf 91' lang='lat' dir='ltr'><strong><em>d.</em></strong></span> <span class='ocrx_word' id='word_1_283' title='bbox 642 3313 714 3367; x_wconf 86' lang='lat' dir='ltr'>HSS.</span> <span class='ocrx_word' id='word_1_284' title='bbox 730 3315 733 3381; x_wconf 97' lang='grc' dir='ltr'>Ι</span> <span class='ocrx_word' id='word_1_285' title='bbox 749 3310 869 3384; x_wconf 79' lang='grc' dir='ltr'><strong><em>λέγεται]</em></strong></span> <span class='ocrx_word' id='word_1_286' title='bbox 888 3312 960 3366; x_wconf 76' lang='lat' dir='ltr'><strong>Jahn</strong></span> <span class='ocrx_word' id='word_1_287' title='bbox 972 3312 1042 3382; x_wconf 79' lang='lat' dir='ltr'><strong>conj.</strong></span> <span class='ocrx_word' id='word_1_288' title='bbox 1055 3309 1196 3382; x_wconf 84' lang='grc' dir='ltr'><strong><em>λέγεσθαι,</em></strong></span> <span class='ocrx_word' id='word_1_289' title='bbox 1214 3312 1266 3365; x_wconf 78' lang='lat' dir='ltr'><strong><em>wie</em></strong></span> <span class='ocrx_word' id='word_1_290' title='bbox 1278 3312 1349 3366; x_wconf 78' lang='lat' dir='ltr'><strong>auch</strong></span> <span class='ocrx_word' id='word_1_291' title='bbox 1360 3311 1404 3365; x_wconf 82' lang='lat' dir='ltr'><strong><em>die</em></strong></span> <span class='ocrx_word' id='word_1_292' title='bbox 1416 3311 1484 3366; x_wconf 67' lang='lat' dir='ltr'><strong>slav.</strong></span> <span class='ocrx_word' id='word_1_293' title='bbox 1495 3299 1591 3366; x_wconf 73' lang='lat' dir='ltr'>Ubera.</span> <span class='ocrx_word' id='word_1_294' title='bbox 1608 3313 1656 3368; x_wconf 85' lang='grc' dir='ltr'><strong><em>δεε</em></strong></span> 
     </span>
     <span class='ocr_line' id='line_1_28' title="bbox 353 3391 1656 3470; baseline 0 -19"><span class='ocrx_word' id='word_1_295' title='bbox 353 3395 448 3462; x_wconf 74' lang='lat' dir='ltr'><strong>Meth„</strong></span> <span class='ocrx_word' id='word_1_296' title='bbox 465 3415 485 3450; x_wconf 84' lang='grc' dir='ltr'><strong><em>ε.</em></strong></span> <span class='ocrx_word' id='word_1_297' title='bbox 498 3397 592 3451; x_wconf 83' lang='lat' dir='ltr'><strong>Bonw.</strong></span> <span class='ocrx_word' id='word_1_298' title='bbox 604 3413 630 3465; x_wconf 89' lang='lat' dir='ltr'><strong><em>p.</em></strong></span> <span class='ocrx_word' id='word_1_299' title='bbox 642 3398 675 3450; x_wconf 82' lang='lat'><strong><em>43</em></strong></span> <span class='ocrx_word' id='word_1_300' title='bbox 691 3398 695 3464; x_wconf 93' lang='grc' dir='ltr'>Ι</span> <span class='ocrx_word' id='word_1_301' title='bbox 711 3397 749 3453; x_wconf 74' lang='lat'><strong><em>12</em></strong></span> <span class='ocrx_word' id='word_1_302' title='bbox 768 3393 904 3469; x_wconf 86' lang='grc' dir='ltr'><strong><em>ένυβρίζει</em></strong></span> <span class='ocrx_word' id='word_1_303' title='bbox 915 3396 1014 3460; x_wconf 69' lang='lat' dir='ltr'><strong>Nabar,</strong></span> <span class='ocrx_word' id='word_1_304' title='bbox 1032 3393 1172 3470; x_wconf 78' lang='grc' dir='ltr'><strong><em>ένυβρίζοι</em></strong></span> <span class='ocrx_word' id='word_1_305' title='bbox 1191 3396 1217 3450; x_wconf 91' lang='lat' dir='ltr'><strong><em>d.</em></strong></span> <span class='ocrx_word' id='word_1_306' title='bbox 1229 3396 1299 3450; x_wconf 86' lang='lat' dir='ltr'>HSS.</span> <span class='ocrx_word' id='word_1_307' title='bbox 1315 3397 1320 3464; x_wconf 95' lang='grc' dir='ltr'>Ι</span> <span class='ocrx_word' id='word_1_308' title='bbox 1336 3393 1372 3451; x_wconf 82' lang='grc'><strong><em>16</em></strong></span> <span class='ocrx_word' id='word_1_309' title='bbox 1389 3391 1448 3450; x_wconf 85' lang='grc' dir='ltr'><strong><em>ἔστί</em></strong></span> <span class='ocrx_word' id='word_1_310' title='bbox 1466 3396 1565 3466; x_wconf 73' lang='grc' dir='ltr'><strong><em>σαφὴς]</em></strong></span> <span class='ocrx_word' id='word_1_311' title='bbox 1584 3397 1656 3452; x_wconf 69' lang='lat' dir='ltr'><strong>Jahn</strong></span> 
     </span>
     <span class='ocr_line' id='line_1_29' title="bbox 353 3468 1655 3550; baseline 0 -14"><span class='ocrx_word' id='word_1_312' title='bbox 353 3481 424 3550; x_wconf 80' lang='lat' dir='ltr'><strong>conj.</strong></span> <span class='ocrx_word' id='word_1_313' title='bbox 447 3473 525 3536; x_wconf 81' lang='grc' dir='ltr'><strong><em>ἔσται</em></strong></span> <span class='ocrx_word' id='word_1_314' title='bbox 547 3497 580 3548; x_wconf 90' lang='grc' dir='ltr'><strong><em>σ.,</em></strong></span> <span class='ocrx_word' id='word_1_315' title='bbox 603 3480 647 3534; x_wconf 83' lang='lat' dir='ltr'><strong><em>die</em></strong></span> <span class='ocrx_word' id='word_1_316' title='bbox 669 3481 736 3536; x_wconf 78' lang='lat' dir='ltr'><strong>slav.</strong></span> <span class='ocrx_word' id='word_1_317' title='bbox 759 3468 855 3536; x_wconf 67' lang='lat' dir='ltr'>obers.</span> <span class='ocrx_word' id='word_1_318' title='bbox 877 3480 904 3533; x_wconf 85' lang='lat' dir='ltr'><strong><em>d.</em></strong></span> <span class='ocrx_word' id='word_1_319' title='bbox 926 3481 1012 3536; x_wconf 59' lang='lat' dir='ltr'><strong><em>Mem</em></strong></span> <span class='ocrx_word' id='word_1_320' title='bbox 1037 3479 1176 3536; x_wconf 76' lang='lat' dir='ltr'>»deutlich</span> <span class='ocrx_word' id='word_1_321' title='bbox 1197 3480 1256 3534; x_wconf 82' lang='lat' dir='ltr'><strong>sein</strong></span> <span class='ocrx_word' id='word_1_322' title='bbox 1277 3479 1375 3545; x_wconf 73' lang='lat' dir='ltr'>vird«,</span> <span class='ocrx_word' id='word_1_323' title='bbox 1398 3497 1419 3534; x_wconf 86' lang='grc' dir='ltr'><strong><em>ε.</em></strong></span> <span class='ocrx_word' id='word_1_324' title='bbox 1439 3479 1533 3534; x_wconf 75' lang='lat' dir='ltr'><strong>Bonw.</strong></span> <span class='ocrx_word' id='word_1_325' title='bbox 1551 3482 1577 3538; x_wconf 86' lang='lat' dir='ltr'><strong><em>S.</em></strong></span> <span class='ocrx_word' id='word_1_326' title='bbox 1595 3481 1655 3550; x_wconf 79' lang='grc'><strong><em>441</em></strong></span> 
     </span>
     <span class='ocr_line' id='line_1_30' title="bbox 355 3555 1658 3635; baseline -0.002 -15"><span class='ocrx_word' id='word_1_327' title='bbox 355 3565 391 3620; x_wconf 78' lang='grc' dir='ltr'><strong><em>Ῑί</em></strong></span> <span class='ocrx_word' id='word_1_328' title='bbox 416 3561 583 3620; x_wconf 84' lang='grc' dir='ltr'><strong><em>ἀποκτεῖναι</em></strong></span> <span class='ocrx_word' id='word_1_329' title='bbox 599 3563 680 3635; x_wconf 72' lang='grc' dir='ltr'><strong><em>θέλῃ]</em></strong></span> <span class='ocrx_word' id='word_1_330' title='bbox 697 3567 782 3620; x_wconf 72' lang='lat' dir='ltr'><strong>neth.</strong></span> <span class='ocrx_word' id='word_1_331' title='bbox 800 3565 831 3621; x_wconf 90' lang='grc' dir='ltr'><strong><em>Β.</em></strong></span> <span class='ocrx_word' id='word_1_332' title='bbox 849 3565 874 3619; x_wconf 86' lang='lat' dir='ltr'><strong><em>S.</em></strong></span> <span class='ocrx_word' id='word_1_333' title='bbox 892 3568 926 3620; x_wconf 85' lang='grc'><strong><em>44</em></strong></span> <span class='ocrx_word' id='word_1_334' title='bbox 945 3566 971 3620; x_wconf 91' lang='lat' dir='ltr'><strong><em>d.</em></strong></span> <span class='ocrx_word' id='word_1_335' title='bbox 989 3565 1057 3620; x_wconf 78' lang='lat' dir='ltr'><strong>slav.</strong></span> <span class='ocrx_word' id='word_1_336' title='bbox 1075 3555 1182 3620; x_wconf 55' lang='lat' dir='ltr'><strong>Ubera:</strong></span> <span class='ocrx_word' id='word_1_337' title='bbox 1204 3565 1335 3618; x_wconf 81' lang='grc' dir='ltr'><strong><em>οοιίιάεοι</em></strong></span> <span class='ocrx_word' id='word_1_338' title='bbox 1355 3581 1385 3618; x_wconf 85' lang='grc' dir='ltr'><strong><em>οι·</em></strong></span> <span class='ocrx_word' id='word_1_339' title='bbox 1406 3563 1458 3617; x_wconf 75' lang='lat' dir='ltr'><strong><em>ibn</em></strong></span> <span class='ocrx_word' id='word_1_340' title='bbox 1479 3565 1539 3618; x_wconf 84' lang='lat' dir='ltr'><strong><em>dem</em></strong></span> <span class='ocrx_word' id='word_1_341' title='bbox 1564 3565 1658 3620; x_wconf 78' lang='grc' dir='ltr'><strong><em>θεοείκ</em></strong></span> 
     </span>
     <span class='ocr_line' id='line_1_31' title="bbox 352 3645 1656 3719; baseline 0.002 -17"><span class='ocrx_word' id='word_1_342' title='bbox 352 3649 505 3718; x_wconf 78' lang='grc' dir='ltr'><strong><em>ι’ίίιοιμεδωι,</em></strong></span> <span class='ocrx_word' id='word_1_343' title='bbox 523 3655 593 3703; x_wconf 82' lang='grc' dir='ltr'><strong><em>ίίίίτο</em></strong></span> <span class='ocrx_word' id='word_1_344' title='bbox 610 3651 669 3704; x_wconf 80' lang='lat' dir='ltr'><strong><em>will</em></strong></span> <span class='ocrx_word' id='word_1_345' title='bbox 684 3653 688 3719; x_wconf 95' lang='grc' dir='ltr'>Ι</span> <span class='ocrx_word' id='word_1_346' title='bbox 705 3650 742 3706; x_wconf 86' lang='grc'><strong><em>18</em></strong></span> <span class='ocrx_word' id='word_1_347' title='bbox 760 3647 811 3706; x_wconf 85' lang='grc' dir='ltr'><strong><em>ἔάν</em></strong></span> <span class='ocrx_word' id='word_1_348' title='bbox 829 3647 859 3706; x_wconf 80' lang='grc' dir='ltr'><strong><em>δέ</em></strong></span> <span class='ocrx_word' id='word_1_349' title='bbox 875 3668 917 3715; x_wconf 93' lang='grc' dir='ltr'><strong><em>τις</em></strong></span> <span class='ocrx_word' id='word_1_350' title='bbox 933 3650 975 3716; x_wconf 78' lang='lat' dir='ltr'><strong><em>F1,</em></strong></span> <span class='ocrx_word' id='word_1_351' title='bbox 993 3647 1043 3706; x_wconf 79' lang='grc' dir='ltr'><strong><em>ἐάν</em></strong></span> <span class='ocrx_word' id='word_1_352' title='bbox 1061 3670 1102 3717; x_wconf 90' lang='grc' dir='ltr'><strong><em>τις</em></strong></span> <span class='ocrx_word' id='word_1_353' title='bbox 1118 3650 1148 3707; x_wconf 76' lang='grc' dir='ltr'><strong><em>δέ</em></strong></span> <span class='ocrx_word' id='word_1_354' title='bbox 1161 3650 1185 3703; x_wconf 89' lang='lat' dir='ltr'><strong><em>d.</em></strong></span> <span class='ocrx_word' id='word_1_355' title='bbox 1198 3651 1257 3705; x_wconf 79' lang='lat' dir='ltr'>flbr.</span> <span class='ocrx_word' id='word_1_356' title='bbox 1272 3651 1277 3718; x_wconf 92' lang='grc'>1</span> <span class='ocrx_word' id='word_1_357' title='bbox 1294 3649 1329 3705; x_wconf 81' lang='grc'><strong><em>19</em></strong></span> <span class='ocrx_word' id='word_1_358' title='bbox 1346 3645 1485 3718; x_wconf 81' lang='grc' dir='ltr'><strong><em>ἀναιρηση</em></strong></span> <span class='ocrx_word' id='word_1_359' title='bbox 1502 3649 1558 3712; x_wconf 82' lang='lat' dir='ltr'><strong><em>BD,</em></strong></span> <span class='ocrx_word' id='word_1_360' title='bbox 1579 3646 1656 3705; x_wconf 88' lang='grc' dir='ltr'><strong><em>ἀναι-</em></strong></span> 
     </span>
     <span class='ocr_line' id='line_1_32' title="bbox 353 3729 1656 3807; baseline -0.002 -17"><span class='ocrx_word' id='word_1_361' title='bbox 353 3735 433 3807; x_wconf 86' lang='grc' dir='ltr'><strong><em>ριΙοει</em></strong></span> <span class='ocrx_word' id='word_1_362' title='bbox 450 3734 477 3791; x_wconf 88' lang='lat' dir='ltr'><strong><em>d.</em></strong></span> <span class='ocrx_word' id='word_1_363' title='bbox 496 3734 554 3788; x_wconf 78' lang='lat' dir='ltr'><strong>flbr.</strong></span> <span class='ocrx_word' id='word_1_364' title='bbox 574 3736 578 3801; x_wconf 92' lang='grc' dir='ltr'>Ι</span> <span class='ocrx_word' id='word_1_365' title='bbox 598 3733 712 3800; x_wconf 80' lang='grc' dir='ltr'><strong><em>οὐδενὸς</em></strong></span> <span class='ocrx_word' id='word_1_366' title='bbox 729 3729 816 3804; x_wconf 88' lang='grc' dir='ltr'><strong><em>ἄλλης</em></strong></span> <span class='ocrx_word' id='word_1_367' title='bbox 832 3730 898 3804; x_wconf 80' lang='grc' dir='ltr'><strong><em>κτὲΙ</em></strong></span> <span class='ocrx_word' id='word_1_368' title='bbox 921 3734 990 3789; x_wconf 75' lang='grc' dir='ltr'><strong><em>Κίετ</em></strong></span> <span class='ocrx_word' id='word_1_369' title='bbox 1013 3735 1050 3790; x_wconf 74' lang='lat' dir='ltr'><strong><em>ist</em></strong></span> <span class='ocrx_word' id='word_1_370' title='bbox 1074 3735 1148 3790; x_wconf 68' lang='lat' dir='ltr'><strong>dione</strong></span> <span class='ocrx_word' id='word_1_371' title='bbox 1165 3733 1390 3802; x_wconf 77' lang='lat' dir='ltr'>Boweisffihrung</span> <span class='ocrx_word' id='word_1_372' title='bbox 1411 3733 1497 3788; x_wconf 49' lang='lat' dir='ltr'><strong>nicht„</strong></span> <span class='ocrx_word' id='word_1_373' title='bbox 1532 3734 1656 3788; x_wconf 80' lang='lat' dir='ltr'><strong>Rufinus:</strong></span> 
     </span>
     <span class='ocr_line' id='line_1_33' title="bbox 352 3817 1659 3888; baseline 0 -16"><span class='ocrx_word' id='word_1_374' title='bbox 352 3823 384 3872; x_wconf 83' lang='grc' dir='ltr'><strong><em>ιιί</em></strong></span> <span class='ocrx_word' id='word_1_375' title='bbox 401 3819 472 3872; x_wconf 82' lang='lat' dir='ltr'><em>bona</em></span> <span class='ocrx_word' id='word_1_376' title='bbox 489 3819 549 3873; x_wconf 80' lang='grc' dir='ltr'><strong><em>οιάε</em></strong></span> <span class='ocrx_word' id='word_1_377' title='bbox 567 3820 692 3873; x_wconf 75' lang='lat' dir='ltr'><strong><em>inuadat.</em></strong></span> <span class='ocrx_word' id='word_1_378' title='bbox 721 3820 756 3875; x_wconf 86' lang='lat' dir='ltr'><strong><em>So</em></strong></span> <span class='ocrx_word' id='word_1_379' title='bbox 775 3819 853 3888; x_wconf 76' lang='lat' dir='ltr'>giebt</span> <span class='ocrx_word' id='word_1_380' title='bbox 866 3837 895 3874; x_wconf 86' lang='lat' dir='ltr'><strong><em>er</em></strong></span> <span class='ocrx_word' id='word_1_381' title='bbox 907 3821 987 3876; x_wconf 79' lang='lat' dir='ltr'>einen</span> <span class='ocrx_word' id='word_1_382' title='bbox 1005 3819 1212 3875; x_wconf 79' lang='lat' dir='ltr'><strong>vortrefflichen</strong></span> <span class='ocrx_word' id='word_1_383' title='bbox 1224 3819 1299 3884; x_wconf 85' lang='lat' dir='ltr'>Sinn,</span> <span class='ocrx_word' id='word_1_384' title='bbox 1318 3817 1406 3872; x_wconf 76' lang='lat' dir='ltr'><strong>dieser</strong></span> <span class='ocrx_word' id='word_1_385' title='bbox 1422 3817 1493 3886; x_wconf 64' lang='grc' dir='ltr'><strong><em>Περί</em></strong></span> <span class='ocrx_word' id='word_1_386' title='bbox 1504 3818 1570 3873; x_wconf 75' lang='lat' dir='ltr'>abor</span> <span class='ocrx_word' id='word_1_387' title='bbox 1581 3818 1659 3873; x_wconf 76' lang='lat' dir='ltr'><strong>nicht</strong></span> 
     </span>
     <span class='ocr_line' id='line_1_34' title="bbox 353 3902 1659 3976; baseline 0 -20"><span class='ocrx_word' id='word_1_388' title='bbox 353 3903 383 3956; x_wconf 87' lang='lat' dir='ltr'><strong><em>in</em></strong></span> <span class='ocrx_word' id='word_1_389' title='bbox 400 3903 463 3958; x_wconf 82' lang='lat' dir='ltr'><strong><em>dem</em></strong></span> <span class='ocrx_word' id='word_1_390' title='bbox 474 3904 551 3959; x_wconf 62' lang='lat' dir='ltr'><strong><em>Text</em></strong></span> <span class='ocrx_word' id='word_1_391' title='bbox 570 3921 622 3960; x_wconf 81' lang='grc' dir='ltr'><strong><em>τεο.</em></strong></span> <span class='ocrx_word' id='word_1_392' title='bbox 659 3904 731 3960; x_wconf 79' lang='grc' dir='ltr'><strong><em>ΒίεΙ.</em></strong></span> <span class='ocrx_word' id='word_1_393' title='bbox 749 3904 785 3958; x_wconf 77' lang='lat' dir='ltr'><strong><em>ist</em></strong></span> <span class='ocrx_word' id='word_1_394' title='bbox 802 3905 861 3960; x_wconf 78' lang='lat' dir='ltr'><strong>hier</strong></span> <span class='ocrx_word' id='word_1_395' title='bbox 879 3905 963 3976; x_wconf 72' lang='lat' dir='ltr'>Copia</span> <span class='ocrx_word' id='word_1_396' title='bbox 980 3922 1035 3959; x_wconf 85' lang='lat' dir='ltr'><strong><em>von</em></strong></span> <span class='ocrx_word' id='word_1_397' title='bbox 1051 3903 1146 3971; x_wconf 66' lang='lat' dir='ltr'>Meth„</span> <span class='ocrx_word' id='word_1_398' title='bbox 1164 3921 1221 3958; x_wconf 73' lang='grc' dir='ltr'><strong><em>πεε</em></strong></span> <span class='ocrx_word' id='word_1_399' title='bbox 1239 3905 1306 3959; x_wconf 73' lang='lat' dir='ltr'>aber</span> <span class='ocrx_word' id='word_1_400' title='bbox 1323 3903 1407 3958; x_wconf 68' lang='grc' dir='ltr'><strong><em>Μεείι</em></strong></span> <span class='ocrx_word' id='word_1_401' title='bbox 1425 3902 1542 3968; x_wconf 80' lang='lat' dir='ltr'><strong>schriob,</strong></span> <span class='ocrx_word' id='word_1_402' title='bbox 1560 3903 1659 3958; x_wconf 78' lang='lat' dir='ltr'>wissen</span> 
     </span>
     <span class='ocr_line' id='line_1_35' title="bbox 353 3976 1657 4060; baseline 0.001 -19"><span class='ocrx_word' id='word_1_403' title='bbox 353 3987 405 4042; x_wconf 79' lang='lat' dir='ltr'><strong><em>wir</em></strong></span> <span class='ocrx_word' id='word_1_404' title='bbox 420 3989 508 4044; x_wconf 82' lang='lat' dir='ltr'>leider</span> <span class='ocrx_word' id='word_1_405' title='bbox 524 3989 601 4045; x_wconf 77' lang='lat' dir='ltr'><strong>nieht</strong></span> <span class='ocrx_word' id='word_1_406' title='bbox 618 4006 718 4059; x_wconf 68' lang='lat' dir='ltr'>ganan,</span> <span class='ocrx_word' id='word_1_407' title='bbox 737 3988 773 4044; x_wconf 77' lang='lat' dir='ltr'><strong><em>da</em></strong></span> <span class='ocrx_word' id='word_1_408' title='bbox 791 3989 836 4043; x_wconf 86' lang='lat' dir='ltr'><strong><em>die</em></strong></span> <span class='ocrx_word' id='word_1_409' title='bbox 853 3989 920 4044; x_wconf 71' lang='lat' dir='ltr'><strong>slav.</strong></span> <span class='ocrx_word' id='word_1_410' title='bbox 938 3976 1033 4044; x_wconf 67' lang='lat' dir='ltr'>obers.</span> <span class='ocrx_word' id='word_1_411' title='bbox 1051 3989 1110 4043; x_wconf 76' lang='lat' dir='ltr'><strong>hier</strong></span> <span class='ocrx_word' id='word_1_412' title='bbox 1128 3989 1177 4043; x_wconf 85' lang='lat' dir='ltr'><strong><em>der</em></strong></span> <span class='ocrx_word' id='word_1_413' title='bbox 1193 3989 1299 4060; x_wconf 75' lang='lat' dir='ltr'>einzige</span> <span class='ocrx_word' id='word_1_414' title='bbox 1317 3989 1407 4056; x_wconf 79' lang='lat' dir='ltr'>Zeuge</span> <span class='ocrx_word' id='word_1_415' title='bbox 1425 3986 1469 4041; x_wconf 53' lang='lat' dir='ltr'><strong><em>ist„</em></strong></span> <span class='ocrx_word' id='word_1_416' title='bbox 1499 3985 1544 4042; x_wconf 68' lang='lat' dir='ltr'><strong><em>Sia</em></strong></span> <span class='ocrx_word' id='word_1_417' title='bbox 1560 3987 1657 4054; x_wconf 65' lang='lat' dir='ltr'><strong><em>lautae,</em></strong></span> 
     </span>
     <span class='ocr_line' id='line_1_36' title="bbox 354 4071 1659 4143; baseline 0 -17"><span class='ocrx_word' id='word_1_418' title='bbox 354 4072 449 4128; x_wconf 82' lang='lat' dir='ltr'><strong>Bonw.</strong></span> <span class='ocrx_word' id='word_1_419' title='bbox 467 4074 492 4128; x_wconf 83' lang='lat' dir='ltr'><strong><em>S.</em></strong></span> <span class='ocrx_word' id='word_1_420' title='bbox 510 4075 556 4129; x_wconf 81' lang='lat'><strong><em>44:</em></strong></span> <span class='ocrx_word' id='word_1_421' title='bbox 585 4090 688 4143; x_wconf 74' lang='grc' dir='ltr'><strong><em>»ωεμοιι</em></strong></span> <span class='ocrx_word' id='word_1_422' title='bbox 709 4073 798 4127; x_wconf 62' lang='lat' dir='ltr'><em>nidus</em></span> <span class='ocrx_word' id='word_1_423' title='bbox 820 4075 932 4127; x_wconf 79' lang='lat' dir='ltr'><strong><em>anderes</em></strong></span> <span class='ocrx_word' id='word_1_424' title='bbox 954 4073 999 4127; x_wconf 81' lang='grc' dir='ltr'><strong><em>αίο</em></strong></span> <span class='ocrx_word' id='word_1_425' title='bbox 1018 4073 1066 4126; x_wconf 78' lang='grc' dir='ltr'><strong><em>δον</em></strong></span> <span class='ocrx_word' id='word_1_426' title='bbox 1088 4071 1250 4142; x_wconf 62' lang='grc' dir='ltr'><strong><em>ίίίιφποίιιιιο</em></strong></span> <span class='ocrx_word' id='word_1_427' title='bbox 1266 4074 1311 4128; x_wconf 68' lang='lat' dir='ltr'><strong><em>des</em></strong></span> <span class='ocrx_word' id='word_1_428' title='bbox 1334 4071 1445 4136; x_wconf 70' lang='lat' dir='ltr'><strong><em>seim,</em></strong></span> <span class='ocrx_word' id='word_1_429' title='bbox 1467 4071 1591 4124; x_wconf 78' lang='grc' dir='ltr'><strong><em>ιιίίιιιίίοίι</em></strong></span> <span class='ocrx_word' id='word_1_430' title='bbox 1612 4071 1659 4126; x_wconf 79' lang='grc' dir='ltr'><strong><em>ἀοι</em></strong></span> 
     </span>
     <span class='ocr_line' id='line_1_37' title="bbox 354 4155 1657 4226; baseline 0.001 -17"><span class='ocrx_word' id='word_1_431' title='bbox 354 4156 429 4210; x_wconf 81' lang='lat' dir='ltr'><strong><em>Habe</em></strong></span> <span class='ocrx_word' id='word_1_432' title='bbox 446 4159 504 4212; x_wconf 82' lang='grc' dir='ltr'><strong><em>μιαί</em></strong></span> <span class='ocrx_word' id='word_1_433' title='bbox 520 4159 565 4212; x_wconf 80' lang='grc' dir='ltr'><strong><em>τίω</em></strong></span> <span class='ocrx_word' id='word_1_434' title='bbox 582 4159 770 4222; x_wconf 62' lang='lat' dir='ltr'><strong><em>Reicktumsq</em></strong></span> <span class='ocrx_word' id='word_1_435' title='bbox 793 4157 878 4212; x_wconf 65' lang='lat' dir='ltr'>daher</span> <span class='ocrx_word' id='word_1_436' title='bbox 899 4157 977 4226; x_wconf 72' lang='lat' dir='ltr'>giebb</span> <span class='ocrx_word' id='word_1_437' title='bbox 994 4157 1087 4212; x_wconf 73' lang='lat' dir='ltr'>Benw.</span> <span class='ocrx_word' id='word_1_438' title='bbox 1105 4157 1146 4210; x_wconf 72' lang='lat' dir='ltr'><strong><em>als</em></strong></span> <span class='ocrx_word' id='word_1_439' title='bbox 1165 4157 1390 4212; x_wconf 70' lang='lat' dir='ltr'>mutmoesliohen</span> <span class='ocrx_word' id='word_1_440' title='bbox 1407 4157 1477 4210; x_wconf 74' lang='lat' dir='ltr'><strong><em>Text</em></strong></span> <span class='ocrx_word' id='word_1_441' title='bbox 1494 4156 1542 4210; x_wconf 85' lang='grc' dir='ltr'><strong><em>δοε</em></strong></span> <span class='ocrx_word' id='word_1_442' title='bbox 1561 4155 1657 4210; x_wconf 51' lang='grc' dir='ltr'><strong><em>Μελίας</em></strong></span> 
     </span>
     <span class='ocr_line' id='line_1_38' title="bbox 354 4237 1659 4316; baseline 0 -20"><span class='ocrx_word' id='word_1_443' title='bbox 354 4239 470 4308; x_wconf 77' lang='grc' dir='ltr'><strong><em>οὐδενός</em></strong></span> <span class='ocrx_word' id='word_1_444' title='bbox 491 4237 577 4312; x_wconf 82' lang='grc' dir='ltr'><strong><em>ἄλλης</em></strong></span> <span class='ocrx_word' id='word_1_445' title='bbox 593 4261 640 4316; x_wconf 88' lang='grc' dir='ltr'><strong><em>πρ.</em></strong></span> <span class='ocrx_word' id='word_1_446' title='bbox 658 4247 719 4313; x_wconf 87' lang='grc' dir='ltr'><strong><em>λογ.</em></strong></span> <span class='ocrx_word' id='word_1_447' title='bbox 736 4262 814 4314; x_wconf 78' lang='grc' dir='ltr'><strong><em>χορ,</em></strong></span> <span class='ocrx_word' id='word_1_448' title='bbox 836 4238 907 4298; x_wconf 81' lang='grc' dir='ltr'><strong><em>ἀλλὰ</em></strong></span> <span class='ocrx_word' id='word_1_449' title='bbox 925 4247 974 4310; x_wconf 80' lang='grc' dir='ltr'><strong><em>τῆς</em></strong></span> <span class='ocrx_word' id='word_1_450' title='bbox 995 4247 1052 4297; x_wconf 79' lang='grc' dir='ltr'><strong><em>τῶν</em></strong></span> <span class='ocrx_word' id='word_1_451' title='bbox 1075 4239 1187 4297; x_wconf 77' lang='grc' dir='ltr'><strong><em>οἰκείων</em></strong></span> <span class='ocrx_word' id='word_1_452' title='bbox 1209 4239 1307 4315; x_wconf 79' lang='grc' dir='ltr'><strong><em>ἀφαιρ.</em></strong></span> <span class='ocrx_word' id='word_1_453' title='bbox 1324 4237 1364 4298; x_wconf 77' lang='grc' dir='ltr'><strong><em>ἓν.</em></strong></span> <span class='ocrx_word' id='word_1_454' title='bbox 1400 4240 1435 4295; x_wconf 82' lang='lat'><strong><em>80</em></strong></span> <span class='ocrx_word' id='word_1_455' title='bbox 1454 4240 1544 4295; x_wconf 82' lang='lat' dir='ltr'><strong>bleibt</strong></span> <span class='ocrx_word' id='word_1_456' title='bbox 1556 4240 1659 4310; x_wconf 79' lang='lat' dir='ltr'><strong>jedoch</strong></span> 
     </span>
     <span class='ocr_line' id='line_1_39' title="bbox 354 4325 1660 4398; baseline 0 -18"><span class='ocrx_word' id='word_1_457' title='bbox 354 4327 403 4380; x_wconf 82' lang='lat' dir='ltr'><strong><em>der</em></strong></span> <span class='ocrx_word' id='word_1_458' title='bbox 424 4326 491 4383; x_wconf 81' lang='lat' dir='ltr'><strong>Gen.</strong></span> <span class='ocrx_word' id='word_1_459' title='bbox 508 4325 679 4398; x_wconf 82' lang='grc' dir='ltr'><strong><em>προφάσεως</em></strong></span> <span class='ocrx_word' id='word_1_460' title='bbox 700 4327 851 4381; x_wconf 64' lang='lat' dir='ltr'><strong>unerklm</strong></span> <span class='ocrx_word' id='word_1_461' title='bbox 885 4326 1044 4382; x_wconf 76' lang='lat' dir='ltr'><strong>Methodius</strong></span> <span class='ocrx_word' id='word_1_462' title='bbox 1066 4343 1139 4380; x_wconf 83' lang='grc' dir='ltr'><strong><em>ωοεε</em></strong></span> <span class='ocrx_word' id='word_1_463' title='bbox 1160 4345 1197 4380; x_wconf 88' lang='lat' dir='ltr'><strong><em>m.</em></strong></span> <span class='ocrx_word' id='word_1_464' title='bbox 1214 4325 1246 4382; x_wconf 76' lang='lat' dir='ltr'><strong><em>E.</em></strong></span> <span class='ocrx_word' id='word_1_465' title='bbox 1265 4329 1336 4382; x_wconf 76' lang='grc' dir='ltr'><strong><em>είτιο</em></strong></span> <span class='ocrx_word' id='word_1_466' title='bbox 1358 4327 1457 4396; x_wconf 75' lang='lat' dir='ltr'><strong>gesagt</strong></span> <span class='ocrx_word' id='word_1_467' title='bbox 1477 4325 1582 4379; x_wconf 73' lang='lat' dir='ltr'><strong>haben:</strong></span> <span class='ocrx_word' id='word_1_468' title='bbox 1608 4343 1660 4380; x_wconf 87' lang='lat' dir='ltr'><strong><em>nur</em></strong></span> 
     </span>
     <span class='ocr_line' id='line_1_40' title="bbox 354 4409 1658 4481; baseline -0.002 -15"><span class='ocrx_word' id='word_1_469' title='bbox 354 4411 417 4466; x_wconf 83' lang='lat' dir='ltr'>weil</span> <span class='ocrx_word' id='word_1_470' title='bbox 430 4430 459 4467; x_wconf 84' lang='lat' dir='ltr'><strong><em>er</em></strong></span> <span class='ocrx_word' id='word_1_471' title='bbox 476 4411 534 4466; x_wconf 80' lang='lat' dir='ltr'><strong>sich</strong></span> <span class='ocrx_word' id='word_1_472' title='bbox 552 4412 597 4467; x_wconf 85' lang='lat' dir='ltr'><strong><em>die</em></strong></span> <span class='ocrx_word' id='word_1_473' title='bbox 608 4411 687 4467; x_wconf 73' lang='lat' dir='ltr'>Habe</span> <span class='ocrx_word' id='word_1_474' title='bbox 705 4412 753 4466; x_wconf 80' lang='lat' dir='ltr'><strong><em>des</em></strong></span> <span class='ocrx_word' id='word_1_475' title='bbox 765 4411 895 4466; x_wconf 81' lang='lat' dir='ltr'>Anderon</span> <span class='ocrx_word' id='word_1_476' title='bbox 912 4409 1046 4481; x_wconf 78' lang='lat' dir='ltr'><strong>zueignen</strong></span> <span class='ocrx_word' id='word_1_477' title='bbox 1062 4409 1128 4466; x_wconf 83' lang='lat' dir='ltr'>will.</span> <span class='ocrx_word' id='word_1_478' title='bbox 1157 4409 1286 4466; x_wconf 77' lang='lat' dir='ltr'><strong>Welohes</strong></span> <span class='ocrx_word' id='word_1_479' title='bbox 1304 4411 1353 4466; x_wconf 76' lang='lat' dir='ltr'><strong><em>der</em></strong></span> <span class='ocrx_word' id='word_1_480' title='bbox 1369 4428 1455 4480; x_wconf 76' lang='lat' dir='ltr'>urspr.</span> <span class='ocrx_word' id='word_1_481' title='bbox 1473 4409 1502 4463; x_wconf 84' lang='grc' dir='ltr'><strong><em>Τ.</em></strong></span> <span class='ocrx_word' id='word_1_482' title='bbox 1522 4409 1570 4464; x_wconf 80' lang='lat' dir='ltr'><strong><em>des</em></strong></span> <span class='ocrx_word' id='word_1_483' title='bbox 1587 4409 1658 4464; x_wconf 74' lang='lat' dir='ltr'><strong>nial.</strong></span> 
     </span>
     <span class='ocr_line' id='line_1_41' title="bbox 353 4489 1659 4568; baseline -0.002 -18"><span class='ocrx_word' id='word_1_484' title='bbox 353 4515 412 4551; x_wconf 78' lang='lat' dir='ltr'><strong><em>war</em></strong></span> <span class='ocrx_word' id='word_1_485' title='bbox 423 4497 460 4550; x_wconf 76' lang='lat' dir='ltr'><strong><em>ist</em></strong></span> <span class='ocrx_word' id='word_1_486' title='bbox 471 4497 574 4551; x_wconf 77' lang='lat' dir='ltr'><strong>schwer</strong></span> <span class='ocrx_word' id='word_1_487' title='bbox 590 4513 624 4551; x_wconf 83' lang='lat' dir='ltr'><strong><em>zu</em></strong></span> <span class='ocrx_word' id='word_1_488' title='bbox 634 4496 805 4551; x_wconf 71' lang='lat' dir='ltr'><strong>boeffimmen.</strong></span> <span class='ocrx_word' id='word_1_489' title='bbox 830 4495 990 4551; x_wconf 77' lang='lat' dir='ltr'><strong>vielleioht:</strong></span> <span class='ocrx_word' id='word_1_490' title='bbox 1009 4492 1148 4568; x_wconf 79' lang='grc' dir='ltr'><strong><em>ἄναιριΙση</em></strong></span> <span class='ocrx_word' id='word_1_491' title='bbox 1160 4491 1275 4560; x_wconf 81' lang='grc' dir='ltr'><strong><em>οὐδενός</em></strong></span> <span class='ocrx_word' id='word_1_492' title='bbox 1292 4490 1352 4550; x_wconf 78' lang='grc' dir='ltr'><strong><em>ἀλλ’</em></strong></span> <span class='ocrx_word' id='word_1_493' title='bbox 1370 4491 1388 4562; x_wconf 72' lang='grc' dir='ltr'><strong><em>ΙΙ</em></strong></span> <span class='ocrx_word' id='word_1_494' title='bbox 1405 4492 1459 4562; x_wconf 87' lang='lat' dir='ltr'>(od.</span> <span class='ocrx_word' id='word_1_495' title='bbox 1471 4491 1548 4559; x_wconf 88' lang='grc' dir='ltr'><strong><em>τινός</em></strong></span> <span class='ocrx_word' id='word_1_496' title='bbox 1564 4489 1659 4563; x_wconf 85' lang='grc' dir='ltr'><strong><em>ἄλλης)</em></strong></span> 
     </span>
     <span class='ocr_line' id='line_1_42' title="bbox 355 4573 1659 4654; baseline -0.002 -18"><span class='ocrx_word' id='word_1_497' title='bbox 355 4579 540 4652; x_wconf 86' lang='grc' dir='ltr'><strong><em>προφάσεως,</em></strong></span> <span class='ocrx_word' id='word_1_498' title='bbox 563 4581 651 4652; x_wconf 83' lang='grc' dir='ltr'><strong><em>λόγον</em></strong></span> <span class='ocrx_word' id='word_1_499' title='bbox 671 4580 755 4654; x_wconf 85' lang='grc' dir='ltr'><strong><em>χάριν</em></strong></span> <span class='ocrx_word' id='word_1_500' title='bbox 774 4579 856 4652; x_wconf 74' lang='grc' dir='ltr'><strong><em>[οὐδὲ]</em></strong></span> <span class='ocrx_word' id='word_1_501' title='bbox 879 4586 929 4650; x_wconf 85' lang='grc' dir='ltr'><strong><em>τῆς</em></strong></span> <span class='ocrx_word' id='word_1_502' title='bbox 949 4587 1007 4637; x_wconf 86' lang='grc' dir='ltr'><strong><em>τῶν</em></strong></span> <span class='ocrx_word' id='word_1_503' title='bbox 1026 4578 1138 4636; x_wconf 85' lang='grc' dir='ltr'><strong><em>οἰκείων</em></strong></span> <span class='ocrx_word' id='word_1_504' title='bbox 1155 4576 1345 4652; x_wconf 81' lang='grc' dir='ltr'><strong><em>ἀφαιρέσεως,</em></strong></span> <span class='ocrx_word' id='word_1_505' title='bbox 1368 4573 1462 4634; x_wconf 81' lang='grc' dir='ltr'><strong><em>ἔνεκα.</em></strong></span> <span class='ocrx_word' id='word_1_506' title='bbox 1495 4579 1570 4635; x_wconf 73' lang='lat' dir='ltr'><strong>Jahn</strong></span> <span class='ocrx_word' id='word_1_507' title='bbox 1589 4578 1659 4650; x_wconf 71' lang='lat' dir='ltr'><strong>conj.</strong></span> 
     </span>
     <span class='ocr_line' id='line_1_43' title="bbox 355 4659 1236 4738; baseline -0.002 -17"><span class='ocrx_word' id='word_1_508' title='bbox 355 4664 470 4732; x_wconf 79' lang='grc' dir='ltr'><strong><em>οὐδενὸς</em></strong></span> <span class='ocrx_word' id='word_1_509' title='bbox 488 4660 548 4721; x_wconf 78' lang='grc' dir='ltr'><strong><em>ἀλλ’</em></strong></span> <span class='ocrx_word' id='word_1_510' title='bbox 565 4663 583 4734; x_wconf 78' lang='grc' dir='ltr'><em>ἢ</em></span> <span class='ocrx_word' id='word_1_511' title='bbox 601 4665 773 4738; x_wconf 86' lang='grc' dir='ltr'><strong><em>προφάσεως</em></strong></span> <span class='ocrx_word' id='word_1_512' title='bbox 792 4664 897 4738; x_wconf 79' lang='grc' dir='ltr'><strong><em>[λόγου]</em></strong></span> <span class='ocrx_word' id='word_1_513' title='bbox 914 4663 1018 4738; x_wconf 89' lang='grc' dir='ltr'><strong><em>χάρινΙ</em></strong></span> <span class='ocrx_word' id='word_1_514' title='bbox 1035 4665 1073 4722; x_wconf 74' lang='lat'><strong><em>22</em></strong></span> <span class='ocrx_word' id='word_1_515' title='bbox 1092 4659 1136 4722; x_wconf 81' lang='grc' dir='ltr'><strong><em>ἔτ’</em></strong></span> <span class='ocrx_word' id='word_1_516' title='bbox 1154 4673 1186 4725; x_wconf 94' lang='grc'>&lt;</span> <span class='ocrx_word' id='word_1_517' title='bbox 1204 4663 1236 4720; x_wconf 79' lang='grc' dir='ltr'><strong><em>Ε.</em></strong></span> 
     </span>
    </p>
   </div>
   <div class='ocr_carea' id='block_1_5' title="bbox 0 0 1887 5528">
    <p class='ocr_par' dir='ltr' id='par_1_5' title="bbox 0 0 1887 5528">
     <span class='ocr_line' id='line_1_44' title="bbox 0 0 1887 5528; baseline 0 0"><span class='ocrx_word' id='word_1_518' title='bbox 0 0 1887 5528; x_wconf 95' lang='lat' dir='ltr'><strong><em> </em></strong></span> 
     </span>
    </p>
   </div>
  </div>
 </body>
</html>
