3744 5524
220 509 333 580 Cespsri
350 510 377 564 ΙΙ
394 526 416 564 o.
435 511 476 567 12.
494 511 535 566 13.
733 567 735 572 ,
814 507 923 580 Dielog.
1490 521 1529 584 83

306 684 390 743 Eutr.
412 683 451 742 d:
472 677 564 762 hege.

305 782 360 842 Ad.
382 782 422 842 ct:
445 777 563 862 Legum
583 781 622 843 de
644 779 823 863 euangelio:
848 785 1025 845 Gonuoeons
1047 771 1149 844 uotoni
1168 786 1252 846 Iesus
1270 786 1422 847 duodeeim
1441 787 1531 847 disci·
1630 763 1634 772 ⁸

220 883 317 961 pulos,
338 882 415 941 dedit
436 883 479 942 eir
499 883 642 944 uirtutem
663 885 875 961 superomnia
888 884 1046 944 doemonio
1060 890 1086 944 et
1100 885 1257 961 luupuores
1270 905 1381 960 surore,
1402 893 1429 947 et
1447 887 1532 946 misit

223 1003 272 1044 eos
294 981 464 1059 pruediowe
486 1001 614 1059 repmrm
639 984 687 1043 dei
711 989 738 1044 et
763 1002 873 1044 errrore.
915 977 959 1044 Et
979 983 1052 1063 post
1072 1002 1173 1062 puuou
1194 980 1310 1046 iterum
1331 981 1420 1046 dicit:
1454 986 1532 1046 Cum

189 1088 322 1144 bootem
343 1081 478 1156 exissent,
500 1083 721 1158 eprediehontur
735 1103 789 1159 per
810 1085 944 1143 eluimus
961 1089 988 1143 et
1007 1085 1099 1160 uiuos,
1120 1084 1358 1160 eouupolixuules
1380 1090 1406 1144 et
1423 1102 1531 1144 euron-

226 1189 266 1243 tes
286 1183 404 1259 ubique

276 1317 280 1328 ·
307 1283 392 1342 Dutr.
415 1282 454 1341 d:
485 1277 658 1356 Quomodo,
681 1277 796 1356 Meroe,
817 1299 926 1342 eorum
948 1278 1076 1363 quidem
1098 1279 1153 1362 qui
1168 1302 1187 1341 s
1205 1278 1330 1345 Christo
1351 1279 1534 1345 missisunt

167 1385 171 1394 “
225 1376 442 1461 euangelizure
464 1381 496 1441 et
516 1379 696 1460 praedicare
718 1399 782 1442 non
804 1377 962 1461 suscipitis
984 1378 1114 1461 scripta,
1141 1381 1197 1444 sed
1219 1379 1285 1443 eius
1307 1380 1396 1444 ouius
1418 1402 1533 1446 nomen

225 1476 377 1560 seriptum
398 1499 463 1542 uon
483 1477 628 1542 hebetis?
664 1474 750 1540 Nem
771 1476 967 1542 Matthaeum
989 1482 1021 1542 et
1042 1477 1227 1556 Iohannem,
1251 1499 1386 1562 quorum
1405 1481 1534 1544 nornine

176 1576 343 1658 rescripta
364 1580 445 1656 sunt,
466 1576 622 1660 respuitis,
649 1597 729 1660 quos
751 1580 784 1642 et
805 1577 948 1642 Christus
973 1578 1103 1643 miserat
1123 1580 1302 1661 proedioere
1324 1579 1532 1663 euangelium,

225 1674 360 1751 Paulum
381 1698 465 1754 uero,
488 1677 576 1741 ouius
598 1675 687 1740 nullo
708 1681 755 1740 est
775 1677 893 1742 mentio
912 1677 946 1741 in
968 1677 1149 1761 euangeliis,
1171 1677 1255 1742 huno
1276 1677 1424 1761 recipitis.
1458 1677 1534 1745 Non

226 1777 275 1838 est
294 1775 354 1840 hoo
376 1775 564 1840 ridiculum?
606 1775 668 1841 Dio
688 1775 778 1839 mihi:
805 1776 1071 1842 Praedioouerunt
1093 1777 1145 1841 isti
1167 1777 1367 1860 euangelium
1388 1801 1428 1842 an
1449 1783 1534 1845 non?

308 1881 400 1940 Mare.
422 1880 463 1940 d:
485 1875 759 1940 Praedioeuerunt

311 1979 398 2038 ldutr.
420 1980 459 2041 d:
485 1973 597 2040 Exstat
619 1975 770 2058 seriptum
792 1977 878 2058 quod
899 1975 1171 2059 proedioeuerunt,
1195 1979 1251 2039 out
1272 1976 1534 2064 sinesoripturu‘?

177 2077 210 2130 15
309 2080 400 2139 Mure.
422 2079 461 2138 d:
484 2072 558 2138 Sine
579 2073 743 2157 seripturu

310 2177 396 2237 Bertr.
418 2179 456 2237 ot:
488 2171 591 2238 Unlde
612 2173 691 2238 mihi
716 2173 843 2239 uidetur
863 2174 1089 2241 ineonueniens
1119 2197 1185 2240 esse
1217 2177 1302 2258 quod
1328 2175 1406 2239 diois
1433 2180 1468 2240 ut
1493 2176 1534 2253 hi,

229 2273 284 2356 qui
314 2275 354 2334 ud
382 2273 626 2355 praedicundum
656 2273 746 2338 missi
776 2279 850 2339 sunt
871 2274 1083 2360 euangelium,
1114 2273 1357 2358 praedieationis
1378 2295 1452 2339 sune
1472 2298 1536 2342 non

229 2370 415 2455 reliquerint
437 2371 598 2456 scriptum,
628 2395 699 2437 eum
721 2396 797 2439 uero
825 2374 1003 2458 quinoque
1025 2373 1140 2438 missus
1162 2377 1210 2438 est
1230 2375 1272 2436 ed
1292 2375 1537 2456 praedicundum

230 2469 308 2535 diois
338 2470 455 2554 scripto
483 2471 657 2556 reliquisse.
700 2473 820 2550 Quodsi
849 2472 914 2536 illis
943 2475 1163 2538 tantummodo
1192 2473 1390 2556 prodierunt,
1421 2473 1536 2557 quibus

178 2574 304 2648 20tuno
328 2569 557 2635 annuntiabant
577 2570 723 2648 sulutem,
744 2571 879 2654 posteris
899 2571 980 2635 nihil
1001 2573 1147 2638 beneficii
1171 2573 1402 2657 praestiterunt.
1445 2571 1536 2648 Quod

229 2669 312 2735 enim
334 2671 400 2734 sine
422 2670 579 2753 scriptura
600 2673 719 2736 dietum
742 2674 789 2734 est
811 2671 998 2754 paulopost
1019 2672 1142 2748 desinit,
1165 2671 1376 2757 quianullum
1396 2672 1444 2737 sui
1463 2694 1537 2737 oon·

229 2770 309 2834 tinet
329 2769 567 2836 monimentum

313 2993 337 3035 o.
360 2972 471 3040 XIII.
514 2977 569 3036 Ad.
590 2979 630 3038 rt:
661 2971 826 3049 Quomodo
849 2977 954 3036 eutem
977 2972 1069 3036 etium
1095 2971 1254 3038 Christum
1275 2971 1378 3036 filiurn
1399 2970 1449 3035 dei
1471 2993 1539 3036 esse

233 3074 370 3135 norunt?
411 3069 642 3155 Respondeant.
683 3070 769 3137 Nam
791 3073 819 3137 si
839 3071 995 3155 recipiunt
1015 3073 1119 3156 legem
1141 3075 1172 3135 et
1193 3073 1371 3156 prophetes,
1393 3071 1448 3155 qui
1468 3091 1538 3134 eum

182 3181 216 3234 25
232 3171 517 3254 pronuntiauerunt
537 3176 715 3252 uenturum,
736 3171 904 3237 manifesto
924 3175 998 3236 sunt
1020 3174 1216 3238 dooumento.
1251 3171 1382 3237 Illorum
1405 3193 1541 3254 nomque

233 3269 449 3336 testimonium
471 3276 519 3336 est
540 3275 624 3356 quod
646 3273 779 3338 uerbum
801 3271 852 3335 dei
873 3275 1041 3336 uenturum
1064 3276 1146 3338 esset
1166 3272 1199 3336 in
1219 3293 1311 3336 earne
1331 3275 1425 3353 elque
1446 3270 1541 3336 homo

234 3369 364 3435 effeetus
386 3373 418 3434 et
439 3371 606 3437 oruoilixus
628 3372 762 3437 sulutem
784 3371 940 3437 consonet
961 3372 1069 3454 generi
1088 3373 1233 3436 humano.
1274 3368 1394 3447 Quodsi
1414 3369 1542 3434 illorum

234 3469 449 3534 testimonium
479 3493 544 3536 non
573 3471 731 3556 recipiunt
765 3470 821 3555 qui
851 3470 993 3535 futurum
1024 3471 1318 3554 pronuntiauerunt‚
1348 3471 1432 3534 unde
1463 3469 1542 3535 seire

234 3574 369 3652 possunt
391 3569 465 3653 quis
486 3569 573 3636 lesus
597 3570 739 3637 Christus
761 3569 846 3636 filius
869 3572 919 3634 dei
942 3575 1007 3636 est?

184 3673 218 3728 30
318 3674 404 3733 Eutr.
426 3674 466 3734 d:
496 3669 589 3736 Unde
611 3670 780 3756 agnouisti,
800 3669 915 3744 Meroe,
937 3670 1012 3754 quis
1034 3669 1118 3736 filius
1140 3669 1191 3734 dei
1212 3669 1254 3735 sit
1275 3668 1440 3735 Christus?

317 3773 409 3833 More.
428 3773 469 3833 ct:
490 3768 539 3835 De
562 3771 727 3856 euangelio
748 3774 780 3835 et
801 3770 954 3854 apostolo.

319 3872 375 3932 Ad.
397 3873 435 3932 ct:
466 3867 625 3954 Equidem
653 3871 687 3934 in
709 3869 875 3953 euangelio
907 3893 972 3935 non
999 3891 1033 3933 se
1063 3868 1140 3934 dicit
1161 3867 1263 3932 filium
1285 3868 1345 3947 dei,
1366 3869 1422 3932 sed
1444 3867 1545 3932 filium

237 3967 380 4032 hominis.

323 4169 342 4224 8
360 4167 427 4223 Cod.
444 4173 469 4222 el
486 4169 566 4222 dedit.
596 4169 684 4225 Sollte
702 4170 760 4225 dies
777 4169 879 4240 riohtig
896 4167 963 4235 sein,
981 4187 1011 4224 eo
1029 4170 1132 4222 mdeste
1148 4185 1214 4224 mun
1227 4167 1430 4222 »Gonuooour'tc
1449 4169 1526 4224 lesen
1542 4167 1547 4235 l

239 4251 502 4324 ingrediebantur]
525 4254 561 4310 So
586 4253 635 4308 der
651 4253 718 4310 Cod.
754 4255 845 4309 Keum
866 4253 975 4324 riohtig.
1012 4251 1047 4306 lle
1070 4252 1107 4306 ist
1123 4251 1199 4306 wohl
1218 4251 1547 4323 »ohonmgrediebunturc

240 4354 273 4392 zu
289 4336 374 4392 lesen.
404 4337 456 4393 Die
469 4337 553 4393 Codd.
573 4338 622 4394 der
640 4339 795 4396 rorhieron.
809 4328 918 4394 Uberes.
929 4340 1022 4394 haben
1041 4336 1179 4406 »oirou(m)
1197 4335 1292 4390 ibent«
1311 4336 1369 4391 und
1388 4336 1549 4392 »eircum—

238 4419 409 4476 trensibsnte
431 4422 435 4490 Ι
457 4423 493 4478 17
515 4423 590 4480 »Ad«
610 4423 685 4478 steht
705 4423 757 4478 mit
774 4441 845 4495 gunn
863 4424 976 4480 hleinen
993 4420 1171 4479 Buohstubon
1187 4420 1256 4475 dher
1274 4419 1322 4476 der
1340 4419 1413 4476 Zeile
1435 4421 1440 4490 l
1464 4420 1550 4488 25th

239 4505 352 4576 Cespuri
375 4508 445 4561 seint
468 4507 540 4562 nsoh
567 4507 711 4564 ›illorum‹
736 4508 817 4564 einen
840 4508 934 4563 Punht
956 4507 1014 4563 und
1037 4504 1135 4571 meint,
1163 4505 1235 4560 nauh
1267 4505 1486 4561 ›testimoninm‹
1511 4507 1552 4561 sei

241 4589 381 4645 »illorum«
406 4591 590 4662 susgelsllen:
614 4592 763 4648 manifesta
785 4595 850 4648 sunt
873 4592 1039 4648 documenta
1060 4590 1180 4646 illorum.
1215 4589 1341 4658 Namque
1362 4589 1551 4646 testimonium

239 4673 378 4744 (illorum)
397 4679 446 4731 eet.
465 4707 498 4715 -
515 4677 609 4746 Β127
629 4675 694 4733 Cod.
713 4677 837 4732 oonlerre
852 4677 856 4746 Ι
873 4677 911 4732 28
931 4677 986 4747 qui]
1006 4675 1071 4732 uod„
1092 4674 1158 4744 quid
1173 4675 1177 4742 l
1192 4673 1233 4730 29
1253 4673 1327 4744 quis]
1347 4674 1413 4730 eod.
1433 4674 1487 4744 qui.

1301 4760 1337 4814 6*
