3642 5504
154 499 247 572 Cupsri
264 499 287 554 Π
303 513 326 552 c
345 499 387 550 11.
408 497 447 552 12.
730 495 841 566 Dislog.
1402 495 1440 560 81

152 667 222 754 gello
241 665 404 734 recitatum
426 669 482 731 est
524 665 581 730 Ait
606 686 755 749 nemque:
779 669 857 746 Fili,
878 674 1023 730 numento
1051 668 1124 746 quio
1149 667 1282 744 recepisti
1306 665 1383 726 emm
1408 667 1442 726 ic

152 775 204 834 cito
225 779 273 832 tun
292 779 319 831 et
338 769 481 830 Ianum
502 769 642 830 similiter
661 769 750 829 necle
792 769 882 830 Nune
903 775 1002 830 eccm
1022 767 1176 846 repcioeeit
1196 767 1263 841 iste,
1291 772 1323 824 tu
1345 773 1444 826 auem

149 871 285 932 muniis
329 865 589 932 Mnuifsstissime
619 883 694 949 ergo
721 865 816 930 etiem
843 887 909 944 eos,
939 863 994 950 qui
1019 885 1083 928 non
1109 864 1240 927 credunt
1260 861 1365 944 Moysi
1391 861 1443 926 uel

150 965 301 1052 prophetis,
322 965 464 1032 declnrnt
483 986 587 1051 neque
609 965 638 1030 ei
659 963 833 1030 credituros
855 963 911 1048 qui
930 987 950 1028 n
970 963 1103 1028 mortuis
1124 963 1301 1026 resurrexit

124 1163 134 1207 ἰ
218 1171 243 1216 c.
263 1149 352 1218 ΧΠ.
386 1154 478 1214 More.
498 1153 538 1214 d:
563 1147 633 1215 Nos
654 1149 825 1232 prophetes
849 1151 880 1211 et
900 1145 1003 1230 legem
1024 1167 1089 1210 nou
1110 1143 1286 1225 recipimus
1329 1141 1443 1228 Neque

147 1251 218 1315 enim
238 1255 310 1314 sunt
330 1247 432 1316 nostri
453 1247 512 1312 dei
555 1247 751 1331 suscipimus
772 1251 878 1311 eutem
900 1243 1100 1330 euangelium
1122 1247 1153 1307 et
1173 1243 1360 1326 apostolum.

216 1355 269 1416 sc
289 1353 331 1414 d:
358 1347 459 1426 Quem
484 1345 682 1432 apostolum?
710 1343 831 1412 Multos
859 1345 942 1410 enim
971 1341 1082 1410 hebuit
1107 1343 1266 1426 apostolos
1292 1341 1443 1408 Christus.

216 1453 304 1514 llere.
325 1453 366 1512 d:
395 1445 539 1510 Paulum

216 1551 269 1614 Ad
289 1551 330 1612 d:
359 1545 452 1612 Unde
473 1547 558 1610 nosti
579 1545 655 1630 quie
679 1544 797 1610 Peulus
819 1544 982 1629 spostolus
1004 1547 1071 1610 est?
1103 1542 1267 1630 Siquidem
1288 1545 1385 1610 hebes
1411 1547 1443 1610 in

109 1645 296 1732 1·²eunngelio
322 1667 439 1713 nomen
465 1645 533 1710 eius
558 1645 724 1728 scriptum,
750 1647 893 1720 ostende;
921 1645 949 1709 si
974 1665 1049 1710 uero
1076 1665 1232 1728 nusquam
1257 1646 1353 1710 hebes
1381 1646 1443 1711 hoc

145 1747 293 1830 seriptum,
314 1747 398 1810 unde
420 1744 559 1810 didicisti
578 1748 665 1830 quod
685 1745 849 1829 apostolus
871 1745 934 1810 sit?

216 1851 305 1912 Mare
325 1850 366 1910 d:
398 1843 470 1928 Ipse
490 1846 528 1908 de
549 1867 583 1908 sc
603 1845 730 1928 scripsit
752 1845 871 1910 dicens:
900 1843 1019 1910 Paulus
1040 1845 1204 1929 spostolus
1226 1844 1296 1911 lesu
1319 1843 1445 1911 Christi

217 1950 270 2012 Ad.
292 1951 333 2010 d:
361 1941 465 2009 Nemo
485 1945 524 2008 de
543 1965 577 2008 se
597 1944 668 2027 ipso
689 1945 904 2010 testimonium
925 1945 1030 2010 ferens
1052 1945 1127 2011 fidei
1148 1945 1263 2030 dignus
1286 1949 1349 2024 est,
1370 1945 1446 2030 quin

145 2053 171 2108 et
193 2045 257 2130 ipse
279 2043 399 2110 Paulus
426 2043 519 2108 dixit:
552 2047 623 2108 Non
647 2049 703 2126 qni
726 2067 756 2108 ee
781 2049 884 2125 ipsum
909 2049 1106 2124 commedat,
1139 2049 1187 2110 ille
1215 2049 1362 2126 procace
1393 2055 1444 2110 est.

107 2153 129 2200 1'·
144 2145 172 2208 Si
192 2163 264 2230 ergo
285 2165 378 2209 nemo
400 2143 430 2208 ei
451 2141 667 2208 testimonium
689 2143 776 2208 dedit
797 2143 891 2222 nlius,
916 2164 1018 2228 neque
1041 2143 1256 2228 euangelium,
1283 2146 1443 2228 quomodo

144 2251 251 2310 oenum
273 2249 322 2308 est
344 2245 431 2328 quod
451 2243 504 2308 hie
525 2241 689 2326 apostolus
711 2247 779 2308 est?

215 2349 304 2410 Mare
326 2347 367 2408 d:
394 2339 461 2407 Uos
482 2344 566 2406 unde
588 2365 660 2406 eum
681 2342 857 2428 agnouistis
879 2363 947 2408 esse
967 2343 1158 2427 apostolom,
1186 2346 1261 2427 quie
1287 2347 1443 2430 usquein

145 2443 247 2508 neonis
268 2439 445 2526 euangeliis
466 2445 636 2506 annotetus
658 2445 726 2507 est?

219 2547 272 2608 Ad.
293 2547 333 2607 d:
364 2539 442 2606 lnbe
467 2539 532 2626 legi
558 2545 648 2606 nctus
674 2542 903 2624 apostolorum,
930 2547 961 2606 et
985 2541 1127 2608 huenies
1155 2543 1182 2607 ei
1209 2541 1278 2606 deri
1301 2543 1442 2608 testimo·

102 2656 130 2703 s·
145 2641 236 2722 unm,
260 2641 315 2706 ubi
339 2645 370 2705 et
391 2661 448 2706 uss
470 2639 633 2706 electionis
655 2663 675 2704 n
695 2639 819 2707 Christo
842 2642 968 2722 dieitur,
995 2647 1027 2708 et
1048 2640 1160 2708 Petrus
1182 2641 1260 2708 dicit
1280 2641 1443 2725 spostolus

145 2743 179 2806 ds
198 2740 277 2826 ipso:
300 2743 473 2806 Secundwn
493 2744 682 2820 septentiam,
703 2741 815 2826 inquit,
836 2764 911 2823 quoe
931 2745 1000 2806 dote
1020 2753 1064 2806 est
1082 2747 1174 2824 froci
1193 2765 1258 2806 meo
1279 2746 1386 2808 Paule.

220 2845 302 2904 Eleo.
324 2845 365 2904 d:
400 2837 580 2922 Suscipitis,
614 2837 730 2914 Marce,
765 2845 854 2906 ectus
877 2841 1093 2924 apostolorum
1123 2846 1155 2908 et
1184 2840 1333 2925 epistolas
1364 2863 1443 2926 ques

146 2939 215 3004 dicit
234 2943 365 3006 eornm?

219 3045 309 3106 llere
324 3045 365 3104 d:
387 3035 456 3104 Nos
471 3041 595 3121 prester
609 3037 810 3122 euangelium
825 3043 856 3105 et
870 3039 1050 3125 apostolum
1064 3039 1144 3104 nihil
1158 3039 1246 3104 eliud
1266 3040 1443 3123 recipimus.

102 3147 130 3198 23
219 3145 301 3203 Euo.
315 3143 354 3204 d:
377 3139 478 3202 Actus
497 3135 551 3201 isti
573 3142 605 3202 et
624 3137 777 3221 epistulae
799 3161 934 3224 quonum
953 3140 1168 3223 apostolorum
1188 3143 1283 3204 sunt?
1311 3139 1443 3204 Memini

145 3259 269 3322 numque
291 3240 378 3322 quod
397 3237 431 3302 in
451 3235 616 3320 emngolio
631 3237 797 3302 duodecim
813 3238 905 3304 electi
927 3244 1001 3304 sunt
1022 3237 1168 3321 discipuli
1191 3243 1223 3303 et
1244 3239 1298 3303 nlii
1319 3244 1444 3323 septus·

146 3337 223 3418 ginta
243 3340 315 3403 duo.

218 3441 270 3502 Ac
285 3441 327 3502 d:
349 3434 480 3502 illorum
495 3439 577 3512 sunt,
599 3435 653 3521 qui
667 3435 701 3500 in
715 3435 881 3522 euangelio
903 3439 1013 3522 scripti
1026 3442 1108 3517 snut
1129 3442 1217 3502 ectus
1240 3443 1272 3502 et
1293 3437 1444 3522 epistolae

144 3535 360 3621 etsnmgelin
402 3533 459 3613 Et,
483 3533 512 3600 si
533 3533 649 3619 placet,
673 3536 748 3620 lego
769 3537 830 3602 hoc
851 3537 1004 3620 scriptum
1028 3542 1060 3602 et
1081 3538 1240 3621 quomodo
1261 3537 1442 3620 praedicere

106 3665 119 3690 ι
144 3635 336 3720 emngelium
358 3635 550 3700 missisunt

219 3750 237 3806 ί
255 3749 364 3806 »ssim
381 3765 442 3806 eos«
462 3749 499 3804 ist
515 3765 570 3804 von
587 3747 664 3804 einer
681 3749 801 3804 anderen
813 3749 896 3804 Hnnd
912 3751 954 3804 els
972 3750 1021 3806 der
1037 3751 1085 3806 des
1096 3750 1252 3806 Schreibers
1263 3751 1316 3804 mit
1326 3751 1443 3806 teinerer

146 3831 194 3886 und
217 3833 354 3890 kleinem
370 3833 473 3890 Sehrilt
494 3832 523 3886 in
546 3831 608 3888 sins
625 3833 718 3888 Luchs
740 3834 891 3904 cingelfigt
928 3835 959 3888 ln
981 3834 1070 3892 dieser
1090 3835 1173 3890 stnnd
1194 3833 1337 3892 vielleicht
1358 3839 1444 3890 stvns

143 3917 263 3984 eodm,
285 3935 343 3972 vus
361 3917 514 3974 mediore
535 3917 592 3972 nnd
610 3917 662 3972 mit
680 3919 780 3972 »etism
798 3935 859 3974 sos«
880 3921 980 3974 emetat
996 3919 1098 3974 wurde
1134 3919 1189 3974 Der
1206 3936 1247 3990 gr.
1264 3919 1294 3974 Τ.
1310 3921 1360 3974 καὶ
1377 3919 1443 3985 τοὺς

144 4003 173 4068 αὶ,
192 4001 395 4070 metonae!
413 4003 428 4058 l
449 3999 514 4058 (lod.
533 4001 637 4068 hebuit,
659 4001 777 4057 mitte«
797 4002 1239 4074 ubsr»e«1soet1³.dic.ap.]
1258 4001 1293 4058 So
1312 4003 1443 4060 derCod.

144 4081 190 4140 Der
210 4103 249 4156 gr.
270 4087 301 4141 Τ.
324 4087 362 4155 πῆ
384 4085 414 4144 cl
437 4082 491 4142 cue
513 4083 627 4160 Πέτρου
649 4093 700 4144 τοῦ
725 4085 888 4144 ἀποστόλου
911 4085 1113 4160 γεγραμμένον
1137 4089 1142 4156 Ι
1166 4087 1253 4154 mit
1279 4105 1348 4158 quse
1375 4087 1443 4142 dicit

142 4169 237 4241 eom]
255 4171 291 4226 So
303 4169 353 4228 der
364 4169 430 4227 cod
458 4169 626 4226 Schwerlich
642 4169 751 4240 richtig.
783 4171 886 4227 »Dicit-
905 4175 1008 4227 monete
1025 4171 1165 4227 entweder
1180 4171 1231 4226 eur
1239 4171 1337 4228 Petrus
1354 4172 1442 4242 gehen

142 4253 201 4308 ocu
221 4253 398 4328 inpononell
422 4253 574 4326 sufgeint
596 4255 713 4310 werden,
748 4255 823 4312 Aber
839 4257 868 4310 in
891 4257 946 4312 den
966 4257 1057 4328 neget
1075 4256 1192 4312 Worten
1210 4255 1286 4310 Petri
1307 4254 1345 4310 ist
1366 4255 1443 4311 nieht

143 4355 189 4392 von
211 4339 264 4396 den
281 4339 394 4396 Briden
414 4339 463 4394 der
478 4339 600 4408 Apostet,
628 4339 746 4395 scudem
768 4357 821 4394 nur
843 4340 891 4395 des
909 4340 1010 4396 Paulus
1032 4341 1077 4396 dis
1100 4339 1186 4408 Rode,
1212 4339 1271 4396 und
1293 4339 1337 4394 dic
1359 4339 1444 4394 diitte

143 4421 210 4478 Pers.
231 4424 307 4496 sing.
328 4425 408 4480 hun
432 4423 461 4479 in
488 4424 551 4480 dsnn
576 4441 613 4478 sn
641 4423 801 4494 »epistolas«
829 4425 1077 4496 sugesohlossenen
1103 4425 1248 4480 einlnchsu
1273 4423 1443 4478 Relativsntz

145 4523 220 4576 »qun
237 4509 320 4564 dicit«
344 4509 423 4564 nicht
444 4507 621 4580 impersonell
641 4509 746 4564 stetim
781 4507 847 4562 Μαι
869 4511 920 4565 het
940 4509 1027 4565 dnher
1048 4511 1124 4565 wohl
1147 4527 1230 4580 »ques
1247 4507 1357 4564 dieunt«
1376 4509 1444 4564 oder

144 4609 224 4660 ’φα
241 4592 383 4650 dicuntur«
404 4611 437 4648 so
454 4593 539 4649 lesen
574 4591 630 4649 Der
646 4611 688 4664 gr.
705 4593 776 4649 Text
793 4593 844 4648 bnt
859 4593 921 4649 hier
937 4595 1022 4649 etwas
1040 4613 1110 4662 gens
1128 4593 1250 4648 anderes
1285 4592 1445 4660 (Viellsicht

144 4681 245 4732 ndum
262 4677 315 4732 vir
331 4695 384 4734 uns
401 4677 445 4732 bei
464 4677 562 4732 »dicite
582 4676 624 4732 uls
641 4677 766 4746 Subjeet:
783 4679 966 4734 Adsmsntius
983 4679 1102 4736 denksn.
1119 4708 1153 4722 ·-
1170 4679 1212 4746 B).

195 4761 362 4808 summ
1218 4763 1234 4818 6
