3708 5498
189 455 307 528 cupae
326 458 356 512 11
377 475 399 514 e.
418 457 518 514 13.14.
801 457 909 528 Dinog.
1471 465 1510 528 85

275 631 377 692 Marc.
397 631 441 691 de
462 623 499 692 In
519 627 684 710 euangelio
710 627 788 692 dicit
802 625 958 692 Christus:
984 631 1078 701 Quam
1098 651 1145 692 nae
1165 631 1346 691 decantasse
1367 631 1511 704 hominm,

187 729 294 806 asum
316 730 480 792 uenus
514 731 629 792 neunt
645 733 674 790 e·
691 731 847 808 anemis:
870 731 934 792 ruse
946 731 1111 790 rosentem
1125 730 1293 808 misem,
1314 731 1369 790 arse
1383 730 1510 802 nuum,

186 829 245 888 clii
276 831 362 908 quia
386 831 528 909 propbeta
557 831 669 908 aliquae
698 831 843 908 antiquus
867 831 1006 892 summit.
1048 831 1136 892 Daue
1163 835 1262 890 autem
1287 831 1326 890 ad
1351 847 1412 890 eos:
1452 829 1511 890 Uos

186 947 274 1000 uero,
299 948 396 1007 quern
414 949 461 990 me
481 950 543 992 esee
563 931 685 992 cuiun?
729 931 918 1008 Respondeas
939 932 1046 992 Petrus
1066 930 1154 989 debit:
1181 929 1223 990 lle
1244 949 1274 990 es
1298 931 1443 992 Ota-istus.

154 1029 169 1080 5
277 1031 341 1090 Ad.
363 1029 404 1090 d:
431 1023 545 1090 Petrus
566 1023 700 1090 Iudaeus
723 1031 789 1090 eret
810 1031 842 1088 et
862 1026 968 1109 legem
990 1025 1117 1090 sciebat
1153 1023 1235 1102 Quia
1254 1044 1328 1108 ergo
1351 1029 1511 1108 exspecta·

186 1123 244 1188 bet
278 1123 379 1190 illum
414 1124 469 1209 qui
498 1149 517 1190 a
546 1125 708 1209 prophetis
737 1125 976 1208 praenuntiatus
1007 1125 1109 1190 fuerat
1143 1123 1315 1205 Christum,
1346 1129 1511 1207 propterea

187 1223 273 1288 dixit
296 1224 408 1308 ipsum
430 1247 497 1290 esse
519 1223 679 1290 Christum
701 1246 795 1308 quem
817 1223 960 1288 audierat
981 1245 1047 1288 ease
1068 1229 1246 1289 uenturum.

277 1327 373 1388 mur.
394 1328 434 1388 d:
463 1323 576 1388 Petrus
603 1323 757 1408 numquid
787 1325 878 1408 quasi
908 1323 976 1406 ipse
1005 1323 1034 1386 ei
1064 1344 1179 1389 nemen
1208 1325 1269 1388 hoc
1290 1323 1457 1406 imponens
1480 1326 1512 1386 ct

187 1422 366 1505 proprium
395 1423 525 1507 aliquod
555 1423 584 1487 ei
605 1422 796 1489 uocabulum
819 1424 989 1504 ascribens,
1019 1422 1099 1486 dixit
1129 1421 1204 1506 quie
1233 1433 1265 1486 tu
1295 1445 1327 1486 es
1351 1426 1511 1488 Otnetua?

138 1529 171 1584 10
188 1519 255 1586 Sed
281 1522 413 1586 uidetur
434 1523 512 1588 mibi
533 1523 689 1606 quiahoc
710 1544 781 1586 eum
804 1545 870 1588 esse
892 1522 1007 1588 dixerit
1027 1524 1113 1607 quod
1136 1523 1169 1586 in
1190 1523 1331 1588 omnium
1353 1525 1512 1606 exspecta·

188 1619 284 1684 tione
309 1621 493 1686 hebebatur.
536 1620 607 1688 Hoc
628 1629 734 1686 autem
755 1622 831 1688 nolo
853 1646 872 1686 a
892 1625 924 1686 te
946 1621 1076 1687 discere:
1106 1621 1219 1687 Petrus
1241 1626 1289 1686 est
1310 1623 1366 1706 qui
1387 1622 1512 1706 scripsit

189 1721 426 1804 euangelium?
468 1721 513 1787 Et
533 1723 692 1807 quomodo
715 1720 840 1786 dicebas
862 1722 937 1806 quie
962 1721 1050 1786 nulla
1071 1721 1232 1787 doctrinae
1254 1744 1328 1788 suae
1350 1721 1512 1806 reliquerit

191 1820 418 1886 monimenta?

283 1925 377 1985 mare.
396 1925 436 1986 d.:
466 1917 541 1986 Non
563 1919 677 1986 Petrus
698 1921 832 2004 scripsit,
854 1924 909 1985 sed
931 1919 1074 1986 Christus
1097 1920 1305 2005 euangelium.

142 2027 174 2080 lt
287 2023 372 2084 Eub.
393 2025 433 2084 d.:
462 2017 591 2084 Falsum
612 2026 661 2086 est
682 2040 757 2106 ergo
780 2023 865 2104 quod
888 2021 1011 2104 legistis
1033 2023 1071 2084 de
1094 2019 1259 2105 euangelio
1282 2023 1368 2106 quod
1392 2021 1513 2086 miserit

192 2119 371 2183 duodecim
393 2119 564 2203 discipulos
586 2121 626 2184 ad
648 2119 937 2204 euangelizandum.
980 2119 1042 2184 Sed
1068 2121 1251 2186 omittamus
1277 2121 1363 2186 haec.
1405 2119 1512 2185 Habes

193 2215 326 2300 aliquid
356 2219 538 2284 documenti
569 2222 655 2302 quod
677 2219 794 2285 Peirlus
820 2219 982 2302 apostolus
1009 2219 1063 2298 sit,
1092 2223 1149 2284 aut
1179 2219 1254 2303 quie
1279 2219 1365 2284 filins
1395 2221 1446 2284 dei
1472 2221 1513 2285 sit

194 2315 368 2382 Christus?
404 2317 524 2392 Quodsi
544 2340 609 2383 ncn
629 2319 739 2396 habes,
760 2319 837 2384 satis
863 2341 937 2382 uera
959 2323 1032 2383 sunt
1054 2341 1135 2402 quae
1156 2319 1274 2404 allegat
1294 2321 1512 2384 Adamantius.

195 2413 246 2478 Ea
270 2417 358 2480 enim
380 2437 461 2499 quae
482 2417 636 2502 promissa
657 2424 731 2483 sunt
751 2418 828 2483 olim
849 2418 914 2496 uel,
944 2425 1112 2502 antequam
1138 2418 1261 2492 fierent,
1293 2419 1512 2501 praenuntiata

143 2521 179 2576 20
196 2513 417 2579 indubitatam
438 2515 534 2580 fidem
554 2517 718 2600 possident
740 2539 811 2581 cum
833 2515 1012 2600 implentur.

289 2636 314 2679 c.
337 2617 435 2684 xlv.
478 2619 533 2680 Ad.
553 2621 591 2680 d:
621 2613 721 2682 Hice
748 2615 905 2681 contrario
933 2617 1010 2682 dicit
1038 2615 1239 2700 peregrinum
1261 2637 1328 2680 esse
1354 2617 1511 2698 quendem

198 2711 366 2779 Chriebrm
388 2721 419 2779 et
440 2714 637 2799 incognitum
659 2721 691 2780 et
712 2739 751 2780 ne
772 2721 909 2781 mentem
924 2716 1052 2800 quidem
1070 2737 1210 2799 unquam
1224 2715 1357 2779 alicuius
1370 2713 1511 2778 intrasse.

199 2815 266 2876 Sed
290 2814 453 2878 uideamus
484 2815 540 2898 qui
561 2817 663 2898 magis
690 2813 752 2878 fide
777 2813 892 2898 dignus
919 2821 978 2896 est,
1008 2817 1068 2880 iste
1099 2837 1193 2898 quem
1219 2835 1311 2878 nemo
1337 2813 1440 2892 nouit,
1471 2837 1511 2877 an

198 2909 258 2978 ille
286 2911 341 2996 qui
362 2912 601 2996 praenuntiatus
623 2917 671 2978 est
691 2936 711 2976 e
730 2915 906 2996 prophetis:
941 2919 1066 2980 etcum
1092 2917 1131 2978 dc
1156 2913 1226 2996 ipsc
1253 2913 1441 2986 constiterit,
1466 2913 1511 2976 ita

147 3015 182 3070 25
200 3013 332 3076 demum
354 3033 521 3095 possumus
543 3033 588 3090 aa,
610 3033 690 3096 quae
705 3013 744 3076 ab
760 3034 796 3078 ec
810 3013 1055 3098 praecipiuntur,
1076 3018 1228 3096 tanquam
1243 3012 1351 3077 diuina
1365 3013 1511 3076 mandata

199 3111 371 3194 mscipere.
414 3109 499 3176 Nem
520 3113 548 3174 si
570 3132 681 3194 neque,
702 3115 739 3174 ut
759 3112 881 3193 dicunt,
903 3113 1018 3197 aliquis
1040 3112 1154 3195 spiritu
1175 3112 1227 3177 dei
1247 3111 1385 3196 repletus
1407 3109 1515 3176 docuit

201 3231 257 3276 eos
281 3215 319 3276 de
341 3211 418 3294 ipsc,
440 3231 543 3294 neque
564 3231 689 3275 rursum
710 3210 777 3293 ipse
799 3213 838 3275 de
860 3234 892 3277 se
915 3213 943 3278 si
964 3213 1035 3297 quis
1054 3213 1221 3296 praedicet,
1242 3211 1305 3276 fide
1325 3213 1440 3296 dignus
1459 3217 1514 3287 est,

202 3310 341 3375 maxime
363 3311 389 3374 si
412 3310 540 3395 ignotus
562 3309 604 3375 sit
619 3314 651 3374 et
663 3310 857 3394 peregrinus,
880 3315 1038 3394 quomodo
1054 3313 1083 3376 ei
1098 3311 1204 3377 dicent
1223 3333 1290 3376 csse
1305 3313 1514 3377 credendum?

204 3407 282 3476 Non
304 3409 386 3474 enim
409 3409 540 3474 cuilibet
566 3413 598 3473 et
619 3409 754 3474 utlibet
779 3410 897 3475 dicenti
919 3411 1050 3494 dignum
1074 3416 1123 3475 est
1143 3412 1282 3489 credere,
1313 3409 1450 3490 etiamsi,
1480 3415 1516 3474 ut

297 4283 400 4344 econ.
417 4285 541 4358 impones
560 4284 624 4352 hec,
648 4287 699 4342 mit
718 4288 765 4342 »b«
785 4287 852 4341 lber
869 4286 993 4357 impones
1011 4303 1037 4339 u.
1058 4303 1104 4339 ›a‹
1123 4286 1190 4340 uber
1207 4285 1268 4340 boc.
1304 4284 1360 4340 Der
1377 4284 1521 4340 Schreiber

211 4371 262 4425 bet
278 4369 332 4426 den
349 4368 440 4426 Strich
458 4370 526 4425 uber
545 4387 590 4426 »e«
610 4371 773 4441 vergeeeen!
790 4370 825 4426 11
851 4387 883 4424 »e
898 4373 942 4424 te«
961 4369 1037 4424 steht
1058 4369 1126 4424 dher
1144 4368 1192 4423 der
1209 4369 1281 4424 Zeila
1298 4367 1356 4422 irnd
1373 4367 1445 4423 nieht
1464 4385 1520 4434 eus,

211 4453 253 4508 ale
271 4457 345 4508 wire
363 4469 392 4508 ee
409 4473 463 4510 von
481 4458 604 4524 audieret
620 4453 702 4510 Hand
719 4453 901 4523 hineugefflgt
919 4455 924 4522 Ι
945 4453 983 4508 12
1002 4452 1035 4505 In
1054 4452 1179 4524 Casperia
1195 4454 1266 4508 'l'ext
1287 4454 1362 4508 steht
1387 4451 1521 4516 »nullae«,

213 4535 287 4595 vobi
309 4536 355 4594 ein
372 4537 561 4594 Druckfebler.
578 4567 612 4577 -
629 4537 652 4592 Β
675 4539 680 4605 Ι
704 4535 815 4607 Carpati
839 4539 986 4592 vermntet:
1013 4535 1213 4606 »reliquerint‹,
1231 4555 1271 4607 gr.
1291 4535 1401 4602 αὐτοὺς.
1420 4567 1453 4577 -
1471 4537 1494 4593 Β
1516 4541 1520 4603 1

213 4621 251 4678 21
272 4620 332 4692 llic]
350 4621 416 4676 God.
434 4621 464 4676 hi
479 4623 483 4688 Ι
498 4620 540 4677 25
556 4619 622 4675 θοὰ
640 4619 780 4690 possimne.
