3744 5524
230 461 342 535 Casperi
358 464 398 518 ΙΙΙ
416 480 438 520 o.
456 464 532 519 2-4.
825 464 934 537 Dielog.
1475 470 1534 534 119

229 633 445 700 Homicidium
459 654 545 714 uero,
560 636 646 718 quod
661 634 739 702 dieis
755 656 821 700 osse
836 634 963 710 melum,
986 634 1110 699 animes
1124 632 1231 700 uinole
1244 633 1398 700 dissoluit
1433 633 1535 698 Meni-

230 733 308 799 feste
331 753 406 819 orgo
427 733 546 798 bonum
568 738 617 800 est
636 733 850 814 homicidium,
871 755 928 816 per
950 736 1037 818 quod
1050 732 1155 798 enims
1176 737 1215 799 de
1236 732 1372 799 uinculis
1394 732 1534 816 eorporis

229 829 380 899 liberetur
401 836 432 898 et
454 836 492 898 de
512 835 650 917 pondere
671 855 837 917 poenaque
857 831 1017 899 liberetur.

310 936 386 998 Mor.
407 935 449 998 d:
469 930 541 1016 Ego
563 935 602 998 de
624 933 739 1016 quibus
761 932 858 998 stetui
881 933 1018 1016 deipsis
1040 932 1201 1017 disputare
1222 931 1306 999 uolo.

195 1025 212 1079 5
310 1038 365 1098 Ad.
386 1037 426 1098 d:
452 1029 529 1098 Noli
550 1033 742 1098 confundere
764 1033 975 1116 quaestiones,
1016 1031 1065 1098 De
1092 1054 1155 1117 quo
1176 1033 1226 1097 uis
1246 1031 1385 1116 primum
1405 1052 1533 1098 mouere

229 1134 424 1197 sermonem?

312 1234 386 1295 Mor.
408 1236 448 1297 d:
469 1230 518 1297 De
540 1231 675 1297 diabolo.

311 1450 336 1494 e.
357 1427 432 1498 111.
474 1433 563 1494 Eub.
583 1434 623 1496 d:
643 1429 750 1497 Ambo
771 1430 858 1515 prius
881 1431 1016 1496 definite.

310 1533 364 1593 Ad.
384 1534 424 1594 d:
445 1528 517 1613 Ego
538 1529 618 1594 nihil
639 1532 710 1596 dieo
733 1553 808 1609 esse,
831 1533 917 1614 quod
938 1531 1059 1595 foetum
1080 1550 1145 1595 non
1165 1529 1207 1595 sit
1227 1529 1280 1595 uel
1301 1535 1450 1610 ereetum,
1470 1528 1532 1594 nisi

176 1637 210 1693 10
226 1625 329 1692 solum
344 1629 446 1710 deum,
468 1633 590 1694 caetere
608 1634 713 1695 sutem
732 1630 838 1696 omnia
857 1652 937 1714 quse
955 1633 1030 1696 sunt
1046 1629 1131 1695 fauts
1151 1651 1217 1695 esse
1235 1633 1267 1694 et
1286 1633 1389 1694 oreste
1408 1629 1531 1694 definio.

308 1731 383 1792 Mar.
398 1732 438 1792 d:
459 1727 630 1795 Diabolum
645 1751 686 1793 ex
700 1730 881 1814 semetipso
904 1751 971 1795 esse
992 1728 1163 1813 pronuntio
1184 1733 1217 1794 et
1235 1752 1254 1792 s
1275 1733 1375 1794 semet
1393 1729 1464 1813 ipso
1479 1729 1531 1793 uel
1565 1769 1567 1774 -

226 1829 368 1890 exortum
388 1826 442 1892 uel
462 1827 640 1907 factumst
661 1831 738 1894 dues
760 1829 881 1894 redioss
904 1851 971 1894 esse
992 1828 1073 1908 dieo,
1095 1830 1211 1894 bonam
1233 1833 1264 1892 et
1285 1828 1409 1893 melem.

309 1930 394 1992 metr.
416 1931 456 1993 d:
485 1926 558 1994 Duo
581 1947 656 2013 ergo
679 1927 757 1995 diois
778 1929 922 2015 ingenite
942 1927 995 1994 uel
1016 1928 1169 2008 inoreets,
1196 1927 1316 1992 melum
1340 1931 1371 1992 et
1391 1929 1531 1994 bonum?

307 2030 382 2091 Mor.
403 2031 442 2092 d:
465 2027 554 2092 Duas
575 2028 696 2094 redioes
718 2029 792 2094 dixi

173 2135 207 2188 15
307 2129 361 2189 Ad.
376 2130 423 2192 d:
450 2125 538 2190 Duos
564 2129 686 2193 rsdioes
713 2127 792 2194 dieis
814 2150 881 2194 osse
902 2128 1061 2214 ingenitus
1082 2126 1135 2192 uel
1155 2127 1317 2193 increatus.
1359 2126 1420 2192 Dio
1442 2145 1530 2212 ergo:

222 2222 391 2290 mutabiles
412 2229 486 2290 sunt
506 2225 593 2307 istus,
615 2231 670 2292 sut
690 2227 924 2294 immutabiles?

307 2328 383 2388 Mor.
404 2329 445 2392 d:
467 2324 653 2402 Quomodo?

307 2427 392 2488 llulr.
413 2429 454 2492 d:
480 2424 556 2493 Non
576 2425 735 2511 intellegis
762 2429 847 2510 quod
873 2425 971 2492 dicit?
1005 2425 1117 2492 Potest
1142 2425 1258 2491 mutari
1278 2424 1362 2489 mels
1387 2425 1478 2489 redix
1499 2429 1530 2489 st

223 2520 292 2586 fieri
313 2524 417 2589 bone?
1389 2553 1392 2560 ·

172 2629 206 2684 20
306 2626 382 2689 Mur.
404 2628 443 2688 d:
466 2621 551 2704 Non,
573 2625 648 2709 quis
668 2624 762 2690 huius
784 2628 914 2690 netureo
937 2628 992 2690 est

307 2725 393 2788 misr.
414 2728 454 2790 d:
475 2723 578 2809 Igitur
599 2745 702 2808 neque
722 2725 807 2789 bone
828 2724 945 2789 mutari
965 2727 1071 2808 potest
1092 2728 1124 2789 et
1146 2722 1214 2788 fieri
1235 2720 1327 2787 mels.

306 2824 382 2885 Mor.
404 2827 445 2888 ds
466 2823 557 2888 Duae
579 2825 663 2890 enim
684 2827 814 2889 noturus
836 2828 918 2904 sunt,
939 2825 1023 2889 bone
1044 2827 1077 2890 et
1097 2823 1189 2888 mele

307 2941 331 2985 o.
354 2919 417 2990 lv.
459 2928 515 2988 Ad.
534 2928 575 2990 ol:
606 2921 688 3000 Quia
714 2941 789 3008 orgo
816 2925 894 2988 dues
923 2921 1115 2988 substantias
1141 2919 1355 2987 immutabiles
1383 2918 1529 2998 definisti,

223 3019 274 3085 dio
294 3020 543 3104 uniuscuiusque
564 3022 760 3087 substantiae
780 3022 834 3086 uel
855 3022 1040 3105 qualitatem
1059 3021 1113 3087 uel
1134 3021 1315 3086 effieeoium.

170 3127 204 3182 25
302 3126 378 3185 Mor.
400 3126 442 3186 d:
467 3120 551 3186 Boni
575 3120 717 3187 effiosois
737 3121 790 3187 uel
817 3120 953 3205 qualitas
974 3123 1052 3187 haee
1074 3125 1134 3188 est:
1160 3121 1228 3201 lux,
1251 3119 1389 3200 bonitas,
1415 3121 1525 3184 dextre

220 3218 339 3299 omniu,
364 3219 590 3299 misericordis,
616 3220 731 3304 pietas,
756 3219 879 3285 iustitis
904 3225 937 3285 et
962 3221 990 3286 si
1015 3221 1093 3305 quid
1118 3219 1205 3286 eliud
1227 3221 1277 3287 his
1298 3218 1410 3286 simile.
1446 3215 1526 3282 Meli

220 3340 296 3385 uero
319 3319 455 3402 qualitas
477 3323 509 3385 et
530 3319 684 3385 sifiosois:
714 3320 875 3400 tsnebrse,
902 3319 1038 3401 melitio,
1063 3321 1191 3386 sinistro
1212 3320 1326 3401 omnis,
1349 3317 1526 3396 erudelitas,

220 3417 375 3502 impietas,
395 3419 557 3503 iniquitns,
578 3419 659 3484 etsi
680 3419 757 3503 quid
778 3417 866 3484 eliud
887 3423 935 3484 est
956 3419 1126 3486 sinistrum

303 3523 359 3584 Ad.
375 3523 414 3584 d:
435 3517 666 3584 Intellectuelis
680 3522 754 3584 sunt
767 3517 836 3600 iste,
852 3540 932 3603 quse
947 3518 1035 3598 dieis,
1056 3541 1096 3584 on
1111 3518 1272 3585 sensibilis
1286 3522 1318 3583 et
1332 3515 1526 3601 corporalia?

170 3623 204 3679 30
304 3624 379 3684 Mor.
394 3623 434 3684 d:
455 3616 586 3683 Interim
608 3621 646 3682 ds
667 3617 870 3683 sensibilibus
893 3623 925 3683 et
946 3621 985 3684 de
1000 3617 1217 3703 corporalibus
1231 3617 1323 3684 nobis
1345 3639 1448 3684 sermo
1471 3620 1527 3682 est

264 3789 267 3795 '
307 3793 323 3847 l
343 3790 445 3863 uinols]
462 3792 514 3847 Die
526 3807 821 3862 zusammengesogsno
833 3790 914 3846 Fons
925 3809 977 3846 nur
987 3791 1059 3858 hisr;
1076 3793 1176 3848 vorher
1186 3809 1212 3848 u.
1225 3791 1348 3848 nsehher
1361 3789 1503 3847 »uincula«
1521 3790 1526 3859 Ι

220 3877 238 3932 b
255 3873 321 3931 (lod.
338 3893 427 3932 moue.
462 3876 514 3932 Dis
536 3875 758 3946 nsohlolgenden
775 3875 874 3932 Worte
896 3875 943 3931 des
960 3876 1083 3931 bissinus
1106 3877 1214 3948 seigen,
1240 3875 1304 3930 deos
1320 3875 1372 3930 wir
1388 3875 1448 3930 hier
1465 3874 1527 3930 eine

220 3961 309 4031 Fruge
331 3960 431 4015 beben.
462 3961 525 4033 Vgl.
544 3962 597 4017 den
619 3978 660 4032 gr.
677 3960 707 4014 T.
732 3962 737 4027 Ι
761 3959 802 4017 20
824 3959 913 4029 huius]
937 3960 1002 4016 Ood.
1020 3961 1100 4016 uhius
1123 3962 1128 4029 Ι
1153 3962 1192 4016 22
1215 3961 1292 4016 Duos
1314 3959 1396 4030 enim]
1415 3957 1528 4028 (lesperi

221 4045 340 4100 sohnltet
359 4045 451 4100 »Non«
470 4063 522 4102 vor
540 4047 648 4102 ›Duae‹
668 4045 721 4100 sin.
750 4043 793 4098 De
810 4045 878 4100 ebor
894 4044 939 4099 sin
950 4045 1014 4100 Satn
1031 4045 1083 4100 mit
1102 4045 1206 4100 »enim«
1225 4043 1305 4116 iolgt.
1322 4045 1360 4100 ist
1377 4045 1451 4100 disse
1462 4042 1526 4098 llin-

220 4129 369 4200 sobultuug
379 4129 504 4201 unnbtig.
516 4131 581 4186 -B
596 4132 601 4200 Ι
617 4130 654 4187 25
665 4129 779 4185 Boni—
788 4128 916 4199 qualitas]
926 4128 961 4184 So
973 4129 1022 4186 der
1031 4129 1096 4185 (lod
1114 4129 1181 4185 Men
1191 4132 1321 4185 erwertet
1334 4127 1469 4210 »unalitas
1481 4129 1528 4186 uel

221 4213 370 4269 efficacis«.
399 4214 465 4285 Vgl.
483 4214 509 4270 d.
527 4214 740 4286 vorsngebende
757 4231 783 4268 u.
802 4213 828 4270 d.
846 4213 914 4285 folg.
933 4215 959 4268 Z.
977 4232 1003 4270 u.
1022 4214 1048 4269 d
1067 4231 1107 4285 gr.
1124 4215 1155 4269 u.
1175 4216 1181 4284 Ι
1201 4215 1240 4272 26
1259 4213 1324 4270 cod.
1343 4212 1458 4280 similes,
1476 4214 1528 4270 mit

223 4298 262 4352 ›i‹
281 4297 350 4353 iiber
369 4315 424 4354 »e«.
459 4297 516 4352 Dss
534 4298 606 4353 siebt
622 4298 675 4353 wie
693 4297 738 4354 sin
755 4296 785 4351 in
804 4300 844 4352 ›i‹
863 4297 1046 4354 verbsssertes
1066 4315 1111 4354 ›e‹
1132 4315 1192 4364 eus,
1215 4298 1273 4353 und
1290 4301 1360 4354 stett
1378 4315 1426 4353 »e«
1445 4298 1527 4354 stand

220 4385 306 4438 etwas
329 4382 455 4447 sudores,
481 4399 538 4438 wes
560 4381 650 4438 einem
674 4381 715 4436 ›1‹
739 4382 845 4453 gleioht
863 4383 921 4438 und
938 4383 1012 4453 jetst
1037 4383 1221 4454 eusgewisoht
1242 4383 1286 4440 ist.
1321 4381 1416 4438 Simile
1438 4383 1526 4454 esti!

221 4467 258 4526 27
279 4468 345 4523 (lod.
362 4467 496 4522 malitiae
530 4468 580 4522 Iob
600 4467 674 4523 hubo
697 4467 750 4522 den
769 4467 877 4535 Plurul‚
904 4468 953 4522 der
976 4467 1062 4524 durch
1080 4466 1198 4523 Einfluse
1214 4485 1270 4524 von
1288 4467 1448 4523 ›onsurae‹
1467 4471 1527 4525 ent-

220 4550 345 4608 stsnden
355 4570 389 4607 zu
406 4551 464 4607 sein
482 4551 597 4620 soheini,
615 4553 687 4607 nsoh
701 4551 764 4607 dem
775 4551 1007 4622 vorengshendsn
1027 4551 1166 4607 »bonitus«
1186 4551 1242 4606 und
1254 4551 1316 4607 dom
1333 4549 1462 4625 πονηρὸν
1479 4553 1527 4609 des

219 4653 259 4706 gr.
276 4634 307 4693 T.
324 4636 354 4690 in
371 4635 426 4690 den
442 4634 572 4706 Singulos
588 4636 742 4692 vertudert.
