3744 5524
223 479 334 550 Caspari
351 477 390 534 IV
409 495 432 534 c.
450 479 474 534 2.
820 476 928 547 DialOS·
1471 485 1531 548 139

222 648 364 712 homines
391 649 557 712 aduersum
583 668 616 712 se
645 644 781 711 inuicem
810 649 1025 712 concertantes
1053 651 1084 710 et
1108 646 1210 729 primo
1238 645 1436 713 coutumeliis
1463 669 1530 712 sese

222 752 290 812 tum
312 746 424 811 deiude
447 747 542 811 etiam
561 748 655 810 caede
676 745 854 811 multantes.
890 744 966 810 lnde
988 764 1173 829 progressus
1192 745 1284 827 uideo
1305 746 1385 812 alios
1407 770 1531 814 execra-

222 845 336 912 biliora
356 849 580 929 perpetrantes.
615 843 699 910 Nam
721 849 784 910 dno
799 845 928 930 quidam
949 850 1109 911 mortuum
1125 845 1343 928 despoliabunt
1364 852 1395 912 et
1416 869 1529 934 corpus

222 946 286 1010 iam
304 952 405 1011 terrae
426 947 609 1011 mandatum
631 966 756 1010 rursum
778 948 911 1028 praedae
933 967 1028 1011 causa
1049 945 1240 1010 effodiebant
1261 945 1459 1031 similemque
1480 949 1530 1014 sui

186 1045 392 1130 oimaginem
429 1046 561 1111 canibus
592 1049 624 1110 et
658 1044 767 1110 bestiis
797 1044 1009 1112 dilaniandam
1045 1045 1274 1130 relinquebant
1317 1045 1528 1131 Posteaquam

222 1146 317 1209 etiam
346 1145 432 1210 istud
461 1147 651 1211 horrendum
687 1143 902 1227 spectaculum
937 1147 1091 1229 superant,
1127 1145 1221 1210 uideo
1256 1145 1353 1212 alium
1387 1146 1528 1212 districto

222 1244 328 1329 gladio
350 1248 529 1310 tendentem
549 1247 698 1310 aduersus
720 1242 818 1308 alium
839 1245 1008 1325 homiuem,
1030 1248 1062 1311 et
1081 1241 1174 1310 illum
1202 1246 1328 1328 quidem
1354 1245 1528 1330 fugientem

221 1345 306 1410 hunc
325 1349 430 1409 autem
452 1344 518 1410 sine
539 1343 607 1408 ulla
627 1341 842 1408 misericordia
862 1345 1070 1410 insectantem
1092 1365 1150 1410 nec
1164 1343 1231 1410 ullo
1254 1365 1401 1430 generes
1422 1346 1527 1412 furore

221 1450 403 1510 cessantem.
438 1442 481 1508 Elt
507 1443 583 1530 quid
604 1442 696 1527 plura
717 1442 838 1510 dicam?
875 1442 1148 1527 Comprehendens
1175 1465 1247 1508 eum
1274 1466 1368 1528 quem
1394 1444 1528 1511 insecte-

168 1548 203 1604 10
220 1543 324 1623 batur,
354 1565 426 1608 cum
447 1542 502 1608 ille
523 1565 634 1608 manus
656 1542 814 1626 supplices
835 1546 978 1609 tenderet
1004 1547 1036 1608 et
1061 1565 1118 1608 sua
1149 1565 1229 1628 quae
1255 1544 1392 1608 habebat
1421 1545 1528 1610 omnia

220 1640 346 1708 offerret
367 1663 404 1707 ac
424 1643 509 1708 uitae
531 1643 628 1709 solius
650 1643 776 1706 ueniam
797 1647 950 1725 posceret,
975 1641 1178 1709 nullomodo
1199 1642 1406 1708 miserebatur
1425 1666 1526 1729 neque

219 1763 252 1806 se
274 1742 306 1806 in
327 1741 414 1807 illius
435 1741 658 1808 recordabatur
677 1741 826 1826 imagine,
848 1744 904 1808 sed
925 1747 1088 1828 tamquam
1103 1742 1170 1807 fera
1190 1743 1292 1808 bestia
1306 1741 1351 1808 ita
1371 1743 1527 1828 urguebat

218 1843 386 1920 hominem,
416 1841 505 1906 nulla
534 1839 749 1907 similitudinis
777 1864 851 1907 suae
877 1841 910 1905 in
937 1863 973 1906 eo
999 1841 1201 1908 miseratione
1223 1847 1406 1907 commotus.
1443 1840 1526 1919 Quid

220 1940 330 2024 plura?
352 1939 401 2005 lta
415 1941 547 2006 abstulit
560 1942 660 2006 uitam
675 1941 823 2007 simulac
838 1945 995 2026 praedam,
1017 1945 1054 2006 ut
1068 1963 1108 2006 ne
1122 1942 1219 2008 humo
1239 1941 1366 2025 quidem
1387 1942 1525 2025 corporis

167 2051 200 2104 15
219 2043 304 2124 quod
333 2043 509 2106 nudauerat
537 2062 685 2125 suprema
713 2044 885 2106 mandaret
919 2040 998 2107 Post
1026 2040 1104 2106 haec
1134 2061 1258 2106 rursum
1284 2040 1378 2106 uideo
1404 2040 1525 2106 adoles·

219 2144 340 2206 centem
372 2142 528 2222 quendam
557 2140 649 2206 uxori
677 2140 797 2206 alienae
832 2139 1025 2206 alludentem
1062 2145 1093 2206 et
1127 2138 1255 2204 alterius
1290 2139 1524 2206 matrimonium

218 2238 337 2304 uiolare
367 2237 553 2321 cupientem,
582 2239 670 2304 utine
699 2238 895 2322 permitteret
922 2240 1070 2306 maritum
1106 2260 1216 2304 uerum
1250 2239 1319 2305 fieri
1353 2237 1524 2306 liberorum

217 2342 347 2421 patrem.
381 2337 431 2402 Ex
454 2359 517 2422 quo
532 2338 627 2404 etiam
646 2339 816 2424 tragoediis
834 2339 1001 2424 gentilium
1016 2339 1111 2404 fidem
1124 2342 1362 2408 accommodare
1378 2340 1522 2424 cogebar,

218 2443 250 2503 et
269 2438 458 2502 uidebantur
478 2437 556 2503 mihi
577 2461 652 2505 uera
674 2461 741 2504 esse
763 2461 843 2522 quae
866 2440 982 2522 scripta
1006 2442 1080 2504 sunt
1099 2438 1151 2504 uel
1172 2442 1211 2504 de
1230 2437 1382 2506 Oenomai
1403 2440 1523 2523 eupidi-

166 2544 201 2601 20
218 2541 282 2601 tate
303 2536 357 2602 uel
378 2539 416 2602 de
437 2536 617 2620 parricidali
638 2538 771 2604 fratrum
790 2538 959 2604 certamine
981 2538 1033 2604 uel
1059 2543 1182 2603 caetera
1203 2559 1284 2623 quae
1305 2537 1523 2604 huiuscemodi

218 2637 396 2704 referuntur
408 2636 442 2702 in
461 2635 586 2702 fabulis.
623 2636 703 2704 oum
718 2656 793 2722 ergo
813 2642 902 2703 tanta
915 2639 994 2704 haec
1015 2661 1052 2704 ac
1066 2637 1141 2704 talia
1163 2638 1230 2722 geri
1251 2637 1409 2718 uidissem,
1432 2640 1521 2722 coepi

303 4391 317 4446 7
337 4389 403 4448 ch.
421 4391 575 4462 figientem,
597 4390 649 4446 mit
669 4410 716 4446 »n«
736 4391 803 4447 tiber
823 4393 863 4446 »f«
885 4394 889 4461 Ι
910 4394 948 4449 12
969 4394 1034 4450 (lod.
1051 4391 1209 4462 imaginem.
1241 4391 1326 4446 Meth.
1344 4387 1375 4447 ἐν
1392 4387 1490 4464 ἐκείνῳ
1513 4393 1517 4459 l

215 4474 261 4531 1o·
272 4475 339 4530 Was
361 4475 400 4530 im
420 4493 541 4546 garam
565 4477 716 4532 Θυεπεῖον
738 4478 852 4532 δεῖπνον
875 4477 1053 4548 geschrieben
1074 4477 1161 4543 steht,
1191 4477 1240 4531 hat
1256 4473 1317 4530 Rus.
1337 4474 1517 4545 ausgelaseen.

214 4559 363 4616 Vielleicht
388 4563 443 4632 gab
466 4561 537 4616 dana
559 4560 764 4630 Veranlassnng
790 4561 852 4616 dass
879 4562 908 4616 in
932 4561 1020 4617 seiner
1039 4560 1160 4630 Vorlage
1183 4560 1231 4616 der
1252 4560 1282 4615 Τ.
1300 4560 1385 4614 echon
1408 4563 1519 4630 cormpt

213 4661 278 4699 war.
296 4646 364 4700 -B
389 4647 393 4715 Ι
418 4646 455 4702 21
476 4645 585 4715 fabulis]
605 4645 670 4700 Cod.
688 4644 798 4700 talibus.
