3708 5498
192 483 303 558 cupas
320 487 358 542 111
376 501 399 541 e
417 487 523 542 13-1v
541 503 564 543 ο.
581 487 605 542 2.
786 485 893 558 maog.
1434 491 1493 554 137

273 661 348 722 Mor.
370 659 409 720 d:
431 655 619 734 Quomodo?

271 759 327 818 Ad.
348 759 387 820 d:
409 755 491 832 Quia
511 773 628 840 aerugo
649 777 713 822 non
734 753 919 822 naturaliter
944 754 1027 820 inest
1051 752 1188 827 metallo,
1218 755 1272 820 sed
1298 753 1413 820 aooidit
1439 777 1496 838 per

189 851 421 938 neglegentiam
451 856 517 921 eius
548 855 603 940 qui
630 855 778 940 possidet.
819 853 868 920 lta
897 873 972 940 ergo
1003 859 1035 920 et
1060 855 1138 918 deus
1163 855 1282 938 absque
1308 853 1375 920 ulla
1400 854 1494 938 eulpa

187 953 350 1019 habendus
365 960 420 1034 est
438 954 492 1038 qui
506 954 680 1040 fulgentem
696 960 727 1021 et
741 954 940 1039 splendidum
954 954 1085 1020 rationis
1099 953 1240 1033 nitorem,
1260 952 1378 1019 liberae
1394 954 1494 1020 laom-

155 1053 260 1118 eutis
283 1052 456 1132 arbitrium,
482 1055 601 1120 homini
623 1055 710 1120 dedit
734 1054 788 1120 uel
808 1053 929 1140 angelis
955 1075 1011 1137 per
1036 1055 1122 1138 quod
1142 1075 1176 1118 se
1196 1053 1407 1132 imitarentur,
1433 1053 1494 1136 ipsi

186 1175 262 1220 uero
285 1155 342 1238 qui
361 1154 423 1219 hoo
441 1175 520 1237 opus
542 1156 697 1240 optimum
717 1159 749 1221 et
768 1151 970 1238 praefulgens
986 1175 1005 1217 a
1023 1154 1081 1218 deo
1103 1157 1267 1238 aooeptum
1286 1150 1494 1237 neglexerunt

186 1273 243 1336 per
268 1275 359 1318 suam
384 1252 616 1338 neglegentiam
642 1277 738 1322 eausa
758 1253 819 1320 sibi
844 1254 878 1318 in
904 1253 1040 1318 deterius
1062 1252 1194 1337 collapsi
1215 1257 1315 1318 status
1337 1251 1492 1318 exstitisse

186 1353 335 1418 credendi
355 1355 439 1417 sunt.
474 1350 549 1419 Non
572 1354 656 1418 enim
676 1351 820 1418 naturale
841 1354 895 1433 eis,
916 1356 972 1418 sed
993 1355 1137 1418 aooidens
1158 1351 1276 1418 malum
1299 1357 1354 1418 est

269 1451 368 1534 (uae.
389 1455 428 1516 d:
453 1450 698 1518 Euidentissime
725 1453 819 1518 etiam
845 1454 884 1518 de
910 1453 960 1518 his
987 1449 1133 1536 apparuit
1158 1453 1331 1518 seeundum
1353 1473 1390 1518 ea
1410 1475 1491 1537 quae

139 1557 170 1612 10
186 1555 371 1632 prosecutus
401 1555 449 1616 est
474 1552 683 1618 Adamantius
713 1556 799 1636 quod
829 1573 894 1618 non
922 1553 965 1617 sit
991 1550 1077 1616 aliud
1106 1550 1227 1635 aliquid
1255 1550 1432 1636 ingenitum
1461 1557 1492 1616 et

185 1649 360 1714 inereatum
380 1655 504 1733 praeter
522 1673 619 1718 unum
638 1655 740 1731 doum,
761 1657 793 1717 et
811 1653 878 1718 siue
902 1653 1044 1718 homines
1066 1651 1134 1717 siue
1152 1650 1257 1735 angeli
1278 1655 1492 1734 competenter

184 1747 269 1814 iusto
292 1749 358 1814 aius
379 1750 497 1818 iudioio
522 1751 709 1825 iudicentur,
737 1773 816 1835 quos
841 1751 1020 1818 libertatem
1048 1753 1163 1816 habere
1185 1750 1326 1835 singulos
1348 1773 1492 1836 quosque

185 1849 234 1912 sni
256 1853 381 1914 oonstat
401 1850 543 1936 arbitrii.)

659 1947 790 2019 (Explioit
807 1947 877 2005 liber
894 1949 1010 2018 tertias.)

139 2191 168 2242 15
589 2182 638 2251 IV.
661 2181 790 2268 (Incipit
810 2181 893 2251 liber
914 2183 1071 2268 quartus.)

266 2350 428 2412 statutus
457 2353 552 2414 debit:
587 2347 804 2432 Disputationi
834 2355 958 2416 uestrae
988 2350 1195 2416 attentissime
1231 2371 1338 2415 aurem
1368 2371 1490 2416 aeoom·

183 2447 310 2513 medani
325 2450 364 2526 et
379 2447 492 2512 Marini
507 2447 558 2512 uel
574 2471 682 2516 eorum
704 2449 759 2535 qui
779 2471 851 2515 oum
868 2449 939 2532 ipso
958 2449 1095 2532 agebant
1113 2449 1301 2532 imperitiam
1320 2448 1488 2533 peruidens

183 2551 215 2612 et
236 2551 357 2622 notans,
376 2547 472 2612 uelim
493 2569 594 2630 pauoa
615 2569 688 2614 oum
709 2548 776 2613 filio
797 2570 868 2614 meo
885 2549 1075 2613 Adamantio
1098 2549 1240 2613 oonferre
1261 2569 1446 2614 sermonem.

266 2651 320 2712 Act
339 2651 378 2713 d:
404 2644 453 2710 lta
478 2646 582 2712 facito.
619 2645 680 2714 Sed
703 2651 930 2733 oonsequenter
955 2647 1043 2732 prius
1071 2669 1192 2731 expone
1218 2647 1307 2713 ouius
1329 2647 1487 2732 dogmatis

135 2753 166 2810 tt
184 2746 291 2812 uenias
312 2749 456 2824 assertor,
477 2751 509 2812 et
528 2747 574 2811 ita
595 2746 816 2832 disputationis
838 2747 1001 2812 exordium
1022 2747 1086 2813 liat

265 2849 353 2910 Dros.
375 2849 416 2911 d:
436 2845 564 2930 Dogma
585 2846 714 2930 quidem
736 2847 869 2912 delendo
884 2844 1056 2926 Ualentini,
1077 2847 1138 2912 uiri
1156 2845 1249 2911 ualde
1269 2847 1347 2912 reoti
1367 2847 1486 2912 tenacis

184 2943 290 3028 etqui
311 2943 443 3010 idoneus
464 2946 507 3010 sit
526 2948 656 3012 suadere
677 2967 736 3012 uos
757 2967 865 3012 omnes
890 2949 974 3012 unde
996 2947 1038 3012 sit
1064 2945 1208 3012 diabolus
1233 2951 1265 3011 et
1291 2946 1374 3010 unde
1395 2945 1485 3022 mala,

184 3047 222 3124 at
242 3044 270 3110 si
291 3043 425 3118 uidetur,
447 3043 520 3130 lego
541 3045 633 3111 uobis
655 3045 732 3112 haee
752 3045 822 3132 ipsa
844 3067 924 3130 quae
945 3046 1056 3112 definit
1076 3044 1272 3112 Ualentinus.

264 3149 351 3210 Ereta
372 3149 412 3208 d:
438 3141 558 3222 Quodsi
583 3143 712 3210 inuenta
739 3145 857 3212 fuerint
883 3167 920 3210 ea
947 3167 1027 3232 quae
1053 3143 1242 3211 Ualentinus
1269 3143 1378 3209 definit
1403 3149 1485 3210 stare

136 3247 167 3304 ‘25
184 3261 245 3308 non
266 3265 367 3326 posse,
389 3243 592 3326 respondebis
615 3249 651 3310 tu
672 3267 728 3328 pro
751 3245 800 3312 his
822 3247 989 3312 aduersum
1011 3267 1048 3311 ea
1069 3267 1150 3330 quae
1171 3244 1335 3312 ditentur?

262 3346 351 3408 Dros.
371 3347 412 3408 d:
437 3341 585 3409 Arbitror
610 3343 738 3428 quidem
765 3348 859 3428 quod,
885 3345 914 3410 si
938 3345 1063 3430 legatur
1084 3344 1177 3411 uobis
1203 3344 1345 3410 definitio
1366 3343 1483 3410 Ualen·

182 3441 425 3522 saturninam
447 3462 539 3524 posse
561 3443 782 3510 eontradioera.
822 3441 896 3509 Non
922 3445 1006 3510 enim
1027 3444 1101 3510 uilis
1123 3444 1237 3528 aliquis
1262 3446 1312 3510 uir
1337 3443 1400 3509 fuit
1429 3445 1484 3528 qui

182 3541 259 3606 hano
281 3541 433 3624 exposuit
467 3539 595 3620 Tamen,
617 3543 737 3626 siquis
759 3543 990 3625 contradixerit,
1012 3563 1070 3630 ego
1092 3544 1297 3628 respondebo.

262 3645 349 3706 Ealr.
370 3645 409 3706 et:
430 3639 567 3725 Legatur
588 3644 705 3724 dogma
724 3640 896 3708 Ualentini.

134 3743 166 3796 30
262 3761 287 3806 c.
308 3740 361 3810 ΙΙ.
397 3748 539 3818 (Definitio
557 3747 719 3818 Ualentinit
742 3741 854 3822 Hodie,
876 3763 948 3808 oum
970 3743 1118 3820 uenirem,
1142 3743 1208 3808 uidi
1230 3745 1309 3810 duos
1329 3745 1482 3829 quosdam

262 4223 280 4280 Ξ
299 4223 365 4280 God
383 4225 500 4281 aeooidit
514 4227 519 4294 Ι
535 4226 554 4283 4
572 4225 637 4282 Cod.
656 4225 765 4296 fulgens
784 4227 789 4293 Ι
807 4223 874 4280 coo
893 4225 1014 4281 nationis
1028 4227 1033 4292 Ι
1049 4227 1068 4284 8
1086 4224 1152 4282 Cod.
1170 4229 1212 4283 est
1228 4227 1340 4293 malum,
1360 4225 1412 4280 mit
1431 4223 1477 4280 »b«

179 4309 245 4366 uber
264 4311 335 4364 ›est‹
355 4325 381 4364 u.
401 4327 448 4364 »ac
466 4311 534 4366 dber
553 4309 687 4366 »malum«
705 4313 709 4376 Ι
724 4310 819 4366 s-ls
838 4309 880 4365 Ob
899 4309 987 4366 dieser
1004 4309 1138 4384 Epilogus
1154 4311 1184 4366 in
1201 4312 1255 4366 den
1272 4329 1313 4382 gr.
1330 4309 1401 4365 ΗΕΒ.
1419 4326 1479 4364 ans·

179 4394 310 4464 galenes,
328 4391 394 4448 oder
411 4412 465 4450 von
477 4395 538 4450 aar.
551 4395 733 4468 hinxugefltgt
749 4395 794 4462 ist,
812 4395 869 4450 und
886 4395 936 4450 dus
950 4411 1064 4468 rorang.
1076 4395 1139 4450 dem
1151 4395 1202 4450 Ad.
1215 4395 1320 4466 gehdrt
1338 4411 1418 4465 wage
1435 4393 1480 4448 ioh

178 4478 252 4534 nieht
269 4495 304 4534 xn
325 4477 508 4536 eumoheideu.
526 4479 594 4534 -B
614 4481 618 4548 Ι
639 4480 678 4537 lu
697 4479 762 4536 Ood.
780 4481 909 4536 oonstant
931 4480 937 4547 1
961 4481 1047 4548 ullo
1064 4479 1364 4552 Explioit—quartus.
1399 4479 1480 4534 Diese

179 4549 349 4618 tumtun
365 4561 454 4619 bueo
471 4563 532 4619 one
550 4563 622 4620 zero
639 4565 696 4618 une
713 4565 749 4619 se
766 4563 818 4619 mu
835 4565 909 4620 rores
919 4563 1000 4619 uua
1018 4564 1195 4636 gensaro
1210 4565 1215 4631 l
1230 4563 1270 4621 es
1289 4563 1355 4620 coa
1374 4563 1478 4629 essue,

178 4646 227 4702 mit
246 4663 292 4700 »a«
312 4645 379 4702 liber
398 4647 461 4703 »it«.
495 4647 620 4719 Casperia
637 4651 735 4718 turgt
754 4647 858 4704 definit.
876 4648 944 4702 -B
959 4650 963 4715 Ι
979 4649 1019 4706 8⁰
1038 4649 1103 4705 Ood.
1122 4647 1241 4704 Ualenti.
