3744 5528
229 559 341 631 Oaspari
359 559 384 613 V
402 577 424 614 a.
442 560 483 616 28.

229 1026 284 1110 qui
304 1048 362 1110 pro
385 1049 442 1091 sua
462 1027 579 1109 pietate
601 1025 696 1091 etiam
720 1026 979 1093 resuscitatimm
1006 1049 1039 1092 se
1069 1026 1228 1092 hominem
1253 1025 1433 1110 repromisit
1462 1047 1534 1092 aum

228 1146 359 1209 corpore
380 1117 497 1210 pariter
516 1125 753 1190 immortalitate
774 1127 952 1209 positurum
977 1131 1009 1191 et
1028 1125 1232 1192 beatitudinis
1257 1125 1359 1209 gloria
1385 1125 1534 1192 oreatoris

227 1223 416 1290 liberalitate
438 1228 630 1306 donandum,
656 1226 712 1309 qui
734 1231 765 1291 et
785 1230 959 1292 seeundum
980 1224 1102 1291 arbitrii
1121 1224 1300 1290 libertatem
1322 1224 1404 1290 iuste
1426 1247 1534 1290 omnes

228 1323 377 1389 asseritur
401 1328 442 1389 ad
465 1323 619 1390 iudicium
643 1329 822 1403 uacaturus,
853 1325 904 1390 oui
929 1325 1009 1390 nihil
1040 1325 1191 1392 obsistere
1211 1327 1329 1408 potest,
1359 1323 1411 1389 oui
1432 1324 1534 1390 omnis

194 1427 367 1506 5potestas
396 1423 538 1489 subiecta
560 1427 614 1504 est,
645 1424 696 1488 oui
722 1426 860 1490 desernit
885 1425 987 1490 omnis
1014 1429 1157 1496 ereatura
1179 1424 1323 1490 incaelo
1346 1427 1378 1488 et
1397 1423 1432 1487 in
1452 1429 1535 1488 terra

227 1522 384 1607 simulque
411 1528 443 1588 et
472 1522 604 1588 ecelesia
630 1523 786 1588 catholiea
815 1527 955 1609 gaudens
981 1523 1089 1589 ordine
1115 1526 1313 1590 sacerdotum
1336 1527 1367 1588 et
1393 1525 1535 1588 deotrina

226 1621 365 1704 pietatis,
387 1622 439 1687 aui
452 1621 667 1706 obtemperare
685 1641 776 1707 reges
791 1627 890 1688 terrae
906 1628 937 1688 st
950 1623 1107 1707 principes
1127 1621 1318 1708 populorum
1333 1627 1427 1707 atque
1442 1645 1534 1689 omne

227 1722 375 1786 conuenit
400 1722 574 1787 humanum
605 1741 711 1806 genus.
755 1721 929 1788 Commune
958 1744 1094 1806 namque
1124 1719 1306 1786 mortalium
1336 1723 1456 1787 bonum
1487 1726 1535 1787 est

227 1818 331 1884 cultus
353 1842 446 1887 uerae
467 1820 639 1906 religionis.
674 1819 796 1887 Uerum
813 1826 919 1888 autem
941 1826 973 1887 at
993 1822 1112 1886 iustum
1134 1820 1295 1906 religionis
1317 1820 1438 1885 cultum
1460 1843 1535 1887 oon·

176 1928 210 1983 10
226 1921 290 1983 stat
309 1942 374 1984 non
395 1919 472 1986 alibi
494 1943 561 1987 esse
582 1920 644 1985 nisi
660 1921 693 1984 in
717 1920 849 1987 ecelesia
868 1919 1033 1997 catholiea,
1055 1920 1138 1986 siout
1154 1920 1373 2000 Adamantius,
1394 1920 1533 1985 famulus

227 2022 258 2081 et
278 2023 415 2084 assertor
436 2020 511 2099 eius,
532 2021 690 2104 exposuit,
711 2043 730 2084 a
751 2042 814 2104 quo
837 2021 893 2104 qui
914 2021 1072 2085 declinant
1093 2025 1213 2085 eertum
1236 2025 1283 2084 est
1304 2021 1390 2103 quod
1412 2042 1431 2083 a
1451 2021 1534 2084 ueri·

226 2121 290 2182 tate
317 2118 525 2186 discesserint.
566 2118 672 2197 Unde,
702 2119 730 2183 si
756 2142 806 2184 me
832 2120 939 2185 audire
965 2119 1079 2184 uolunt
1103 2119 1244 2185 Marinus
1275 2122 1307 2183 et
1333 2119 1447 2184 caeteri
1479 2119 1535 2202 qui

227 2239 299 2281 aum
320 2217 389 2300 ipso
410 2219 444 2282 in
466 2217 746 2302 disceptationibus
772 2216 941 2297 affuerunt,
967 2221 1084 2283 suadeo
1106 2223 1138 2283 et
1164 2239 1348 2286 commoneo
1374 2217 1534 2283 discedere

227 2337 280 2381 eos
301 2339 319 2379 a
339 2319 578 2404 praesumtione
592 2317 689 2382 animi
710 2319 881 2382 admodum
902 2315 982 2382 falsa
1003 2321 1035 2381 ot
1055 2317 1256 2402 dogmatibus
1277 2316 1357 2382 nihil
1378 2316 1446 2381 ueri
1461 2337 1534 2381 aon-

176 2430 209 2485 15
226 2415 407 2495 liuentibus
436 2421 473 2482 ut
497 2419 688 2500 deponentes
713 2418 883 2481 humanam
907 2416 1129 2480 uerecundiam
1156 2422 1187 2482 et
1211 2417 1356 2482 inutilem
1381 2418 1534 2501 pudorem

227 2520 413 2581 sonuertant
433 2539 467 2581 se
488 2519 529 2580 ad
549 2539 656 2580 aeram
675 2517 770 2581 fidem
791 2520 824 2581 et
836 2516 952 2580 iustam
965 2515 1160 2600 religionem,
1182 2515 1315 2581 salutem
1337 2539 1356 2579 a
1376 2536 1451 2579 uero
1474 2518 1534 2582 deo

226 2636 350 2679 meeum
375 2615 493 2698 pariter
518 2621 727 2700 expectantes,
756 2620 792 2680 ut
818 2615 944 2681 diuinae
966 2615 1086 2700 gratiae
1106 2613 1159 2678 uel
1180 2615 1342 2680 doctrinas
1363 2614 1534 2698 participes

226 2713 402 2779 efficiamur
423 2720 454 2780 et
474 2716 561 2781 sosii.
595 2716 707 2781 Amen.

313 2880 331 2934 2
355 2880 420 2934 Cod
443 2879 561 2948 gloriam
585 2881 588 2948 Ι
613 2878 716 2936 scos
739 2877 896 2933 donandam
920 2879 925 2947 Ι
949 2879 968 2934 4
990 2877 1056 2934 Cod.
1077 2879 1224 2933 nauaturos
1247 2879 1252 2945 Ι
1279 2878 1293 2932 7
1321 2877 1442 2948 pietatis]
1466 2877 1532 2933 Cod.

227 2961 357 3032 patientis
373 2965 385 3032 ,Ι
408 2962 524 3019 llNaoh
542 2979 639 3018 >neme
656 2961 813 3033 religionis«
832 2961 927 3033 folgen
950 2963 995 3018 dis
1011 2962 1109 3018 Worte
1127 2960 1247 3015 »tultum
1265 2964 1374 3016 constat
1391 2979 1446 3016 non
1464 2961 1533 3016 alibi

228 3063 287 3101 esse
304 3046 359 3101 suis
376 3049 405 3102 at
422 3046 511 3101 solare
528 3047 598 3116 (sola
614 3047 675 3116 rel)
693 3047 828 3102 mdatinm
840 3045 1058 3115 (mendaciumn
1086 3045 1167 3100 Diese
1179 3044 1276 3100 Worte
1293 3044 1354 3099 sind
1367 3046 1434 3102 abar
1446 3044 1533 3101 durolr

228 3130 308 3185 einen
321 3129 411 3184 Strich
423 3132 504 3184 anter
514 3130 600 3185 ihnen
612 3130 732 3186 oassiort.
761 3130 848 3200 (adaia
861 3133 889 3187 et
904 3131 993 3188 solare
1004 3129 1192 3186 mendacium«
1206 3128 1283 3182 kann
1294 3129 1341 3183 ioh
1352 3128 1430 3184 nieht
1441 3147 1530 3184 smen-

229 3213 330 3269 dieran.
360 3213 509 3269 Viellsiaht
525 3213 618 3268 finden
640 3213 700 3268 siah
717 3213 796 3269 daria
814 3214 859 3269 die
876 3214 1063 3270 verdorbenen
1079 3213 1162 3268 aaa
1179 3213 1254 3267 einer
1271 3201 1461 3284 Ubsrsetaung
1476 3231 1533 3269 von

228 3296 411 3355 ἀπωθεῖσθαι
427 3299 476 3353 καὶ
494 3293 656 3353 ἀποκλείειν
673 3296 707 3353 τὸ
724 3299 838 3368 ψεῦδος.
855 3329 888 3340 -
901 3299 942 3366 Β).
