3744 5528
234 476 345 548 Caepari
361 475 401 532 IV
418 479 559 534 e13.14.
827 477 936 550 Dialog.
1476 485 1533 546 171

316 651 372 712 Ad.
393 651 432 711 d:
461 643 565 712 Nosse
589 651 620 711 te
646 649 782 712 arbitror
810 650 897 731 quod
918 646 1035 728 omnis,
1064 646 1119 730 qui
1145 667 1251 712 amore
1276 645 1419 711 ueritatis
1450 647 1536 729 quod

232 767 343 810 uerum
374 750 422 810 est
454 747 590 830 quaerit,
620 769 746 812 omnem
775 745 1002 831 praesumptiui
1033 751 1064 811 et
1092 747 1254 829 praeuerti
1283 745 1380 810 animi
1410 749 1537 810 eonten-

232 845 351 911 tionem
365 845 477 928 prooul
496 846 599 925 abicit
620 850 657 912 ut
671 851 711 911 ad
729 845 825 912 finem
845 846 946 930 possit
961 845 1027 911 eius
1045 848 1083 910 de
1103 866 1166 929 quo
1186 846 1346 930 quaeritur
1365 844 1536 929 peruenire.

232 943 340 1009 Primo
360 963 435 1029 ergo
458 946 587 1011 enuntia
604 947 802 1012 manifestius
824 951 855 1011 et
869 945 965 1011 defini
986 948 1069 1010 unde
1083 945 1163 1011 uelis
1183 947 1298 1011 hahere
1313 943 1537 1029 quaestionem.

199 1055 216 1109 5
316 1049 391 1110 Mor.
413 1049 453 1110 d:
482 1045 531 1111 De
553 1045 678 1112 Christo
705 1048 747 1111 sit
771 1045 923 1130 quaestio,
953 1066 1047 1128 quem
1072 1064 1131 1130 ego
1158 1045 1229 1111 dieo
1260 1045 1394 1110 eoeleste
1423 1065 1536 1127 eorpus

232 1143 386 1209 habuisse.
422 1141 471 1208 'Pu
493 1149 579 1229 quod
601 1145 731 1211 definias
753 1149 864 1212 statue.

315 1249 370 1310 Ad.
392 1249 431 1309 d:
461 1243 532 1329 Ego
554 1247 625 1311 dieo
656 1248 743 1329 qued
764 1267 802 1310 ex
827 1243 1004 1310 substantia
1030 1242 1097 1308 eius
1123 1243 1259 1310 hominis
1286 1243 1341 1326 qui
1367 1243 1488 1326 primus
1519 1265 1538 1306 a

233 1345 292 1408 deo
313 1342 486 1426 plasmatus
508 1347 564 1424 est,
583 1347 667 1408 unde
690 1347 721 1410 et
742 1365 799 1410 nos
821 1365 939 1410 omnes.

315 1448 391 1508 Mor.
412 1447 452 1508 d:
474 1442 724 1510 Christianorum
745 1447 862 1528 dogma
882 1443 944 1508 fide
966 1464 982 1506 e
984 1442 1237 1526 teoripturarum
1259 1442 1445 1508 auctoritate
1463 1463 1538 1507 eon-

183 1549 217 1604 10
233 1535 305 1608 stet
341 1540 474 1626 Oportet
495 1563 571 1629 erge
593 1547 631 1609 de
653 1542 816 1626 seripturis
837 1546 893 1607 aut
914 1545 1044 1607 suadere
1067 1546 1122 1606 aut
1142 1543 1275 1608 suaderi.

317 1647 371 1708 Ad.
394 1647 433 1708 d:
453 1641 538 1728 Lege
559 1633 597 1708 de
619 1642 781 1726 seripturis
801 1643 881 1706 haee
902 1663 982 1725 quae
1004 1641 1091 1708 diois.

316 1763 341 1808 e.
362 1742 461 1811 xlv.
492 1747 568 1807 Mar.
589 1747 628 1806 d:
658 1741 765 1807 Primo
791 1742 853 1807 hoe
878 1741 1004 1825 require
1004 1746 1057 1806 tur
1077 1742 1105 1808 si
1125 1762 1190 1806 non
1211 1743 1243 1805 et
1263 1739 1467 1824 turpitudinis
1491 1747 1539 1808 est

232 1846 269 1906 ut
289 1841 430 1906 dieamus
451 1844 584 1908 uerbum
606 1841 656 1906 dei
677 1863 803 1906 earnem
825 1842 864 1905 de
884 1840 1015 1905 muliere
1037 1840 1229 1906 assumsisse.

316 1946 371 2006 Ad.
391 1945 433 2006 d:
463 1939 573 2006 Potest
559 1941 685 2005 tenim
717 1940 857 2005 aeoidere
887 1939 992 2023 passio
1021 1939 1128 2023 aliqua
1153 1941 1250 2004 uerbo
1277 1939 1337 2020 dei,
1365 1945 1421 2005 aut
1445 1945 1538 2026 turpe

183 2045 216 2099 15
233 2039 354 2124 aliquid
375 2039 555 2105 diuinitati?

315 2146 391 2206 Mor.
412 2144 453 2204 dr
472 2137 659 2215 Quomodo?

316 2243 369 2305 Ad.
392 2243 432 2304 d:
468 2238 550 2316 Quia
584 2238 691 2304 dixisti
724 2241 816 2322 turpe
851 2261 917 2332 esse
947 2238 974 2303 si
1004 2239 1127 2304 dieatur
1162 2240 1294 2304 uerbum
1329 2239 1379 2304 dei
1414 2260 1536 2305 earnem

233 2337 417 2404 assumsisse
436 2340 475 2402 de
489 2336 629 2403 muliere.
663 2336 703 2403 In
722 2338 888 2403 diuinitate
903 2338 983 2403 nihil
1003 2342 1050 2404 est
1064 2337 1142 2422 quin
1161 2360 1178 2402 e
1197 2338 1362 2420 contrario,
1384 2339 1459 2423 quia
1480 2359 1538 2403 nee

232 2437 359 2502 laudem
379 2437 512 2522 requirit
532 2459 591 2503 neo
612 2437 800 2503 desiderium
820 2437 950 2521 aliquod
964 2438 1049 2521 oepit
1069 2437 1176 2502 diuina
1196 2441 1316 2503 natura
1352 2436 1440 2502 Haeo
1454 2438 1538 2503 enim

183 2547 217 2603 20
233 2536 339 2602 omnia
363 2537 525 2621 passiones
551 2541 637 2617 sunt,
667 2536 817 2602 diuinitas
843 2539 948 2602 autem
977 2537 1110 2621 inoapax
1140 2541 1188 2602 est
1212 2536 1376 2620 passionis.
1416 2535 1537 2602 Sedet

94 2649 97 2656 '
233 2635 306 2719 (ad)
326 2635 408 2700 illud
428 2639 582 2720 responde
604 2639 691 2720 quod
712 2639 743 2700 te
763 2635 932 2722 interrogo.

315 2741 392 2802 Mar.
411 2741 451 2801 dn
472 2734 644 2821 Interroga.

316 2840 371 2900 Ad.
392 2840 432 2901 d:
451 2833 623 2901 Hominem
645 2835 716 2919 quis
738 2835 877 2901 creauit?

316 2940 392 3000 Mor.
413 2939 453 2999 d:
474 2933 569 2998 Deus.

316 3037 370 3100 Ad.
391 3038 431 3098 dr
451 3032 547 3098 Pater
567 3033 667 3113 uerbi,
688 3036 744 3099 aut
764 3033 928 3100 Christis?

316 3139 393 3200 Mar.
413 3139 455 3199 dt
474 3132 569 3198 Pater
589 3155 663 3199 eum
683 3135 789 3201 uerbo.

316 3237 370 3297 Ad
392 3237 433 3298 d:
455 3231 620 3310 Quomodo
642 3235 781 3299 creauit?

316 3337 392 3397 Mor.
413 3337 452 3396 d:
484 3331 573 3398 Siout
594 3333 749 3416 scriptura
770 3332 860 3398 dioit:
888 3337 1059 3413 Fortenses,
1088 3331 1200 3417 inquit,
1230 3337 1381 3398 hominem
1401 3338 1441 3398 ud
1459 3339 1537 3398 ima·

232 3437 333 3512 ptaem
347 3443 374 3496 ot
386 3437 616 3498 similitudinem
628 3442 770 3497 nostram.
806 3437 847 3498 El
863 3437 971 3514 recepit
983 3437 1055 3496 ἀιιιε
1069 3437 1178 3498 limum
1191 3437 1225 3497 de
1244 3444 1320 3498 uero
1333 3444 1360 3498 et
1371 3437 1539 3516 ploernouit

183 3536 217 3593 30
233 3536 392 3596 hominem.

318 4135 367 4203 218
386 4135 452 4192 eod
470 4134 645 4192 contentione
664 4136 669 4204 Ι
691 4135 728 4192 17
748 4136 790 4190 Ιιιι
806 4153 847 4206 gr.
864 4135 894 4190 T.
912 4133 982 4189 wird
999 4135 1049 4190 das
1065 4133 1206 4206 Fulgende
1223 4134 1266 4190 his
1286 4135 1419 4207 passienis
1437 4137 1537 4193 ulsch-

234 4219 291 4276 lioh
308 4220 371 4275 dem
382 4218 459 4275 llutr.
477 4218 507 4274 in
525 4219 579 4274 den
590 4219 678 4274 Mund
695 4219 789 4290 gelegt
803 4220 807 4288 l
824 4219 863 4276 18
883 4219 938 4275 Der
949 4220 1013 4276 Sata
1032 4220 1080 4274 »ln
1097 4218 1243 4275 diuinitate
1263 4222 1329 4276 eet«
1349 4220 1427 4290 giebt
1437 4221 1539 4276 kainon

235 4304 310 4359 Sinn.
346 4304 470 4375 Gaspari:
494 4305 542 4358 »In
564 4303 710 4358 diuinitate
729 4304 800 4359 nihil
823 4303 963 4377 (pudoris)
981 4307 1034 4372 ost,
1057 4322 1098 4375 gr.
1116 4301 1169 4359 οὐκ
1186 4302 1316 4368 αἰδεῖται,
1339 4305 1396 4358 und
1420 4305 1539 4370 »Quine

235 4388 373 4445 eontrarie
390 4415 424 4433 -
438 4389 482 4460 ja,
505 4389 544 4444 im
562 4387 731 4459 Gogenteil«.
766 4389 840 4445 Absr
861 4389 932 4444 euch
954 4407 985 4445 so
1007 4388 1076 4444 wind
1100 4387 1166 4444 hein
1190 4391 1270 4459 guter
1287 4387 1354 4443 Sinn
1377 4406 1538 4460 perennes.

235 4473 348 4528 Sohrieb
359 4474 391 4528 e.
404 4473 557 4528 vielleieht:
576 4473 647 4539 Quin
658 4489 674 4526 e
685 4472 823 4530 contrario
835 4473 864 4529 in
877 4474 1024 4530 diuinitate
1034 4473 1106 4529 nihil
1124 4472 1271 4544 (pudoris),
1289 4475 1338 4536 est,
1357 4473 1462 4544 lquier?
1490 4472 1539 4528 0st

234 4557 296 4612 sind
306 4557 346 4613 im
358 4557 423 4613 uod.
432 4558 530 4613 Worte
541 4559 703 4628 umgesetzt.
720 4587 753 4597 —
765 4557 787 4610 Β
803 4559 808 4627 l
823 4559 899 4628 quin]
920 4559 984 4614 cod.
999 4577 1057 4629 »q«,
1076 4558 1128 4613 mit
1142 4558 1182 4612 »i«
1195 4558 1263 4612 dher
1274 4556 1301 4611 (l
1313 4557 1385 4613 Zeile
1400 4557 1404 4626 Ι
1422 4557 1460 4614 19
1473 4556 1538 4613 cod.

233 4641 316 4698 leude
332 4643 336 4711 Ι
351 4642 390 4698 21
410 4642 446 4697 ad
463 4641 534 4698 fehlt
550 4642 588 4697 im
607 4641 673 4697 Cod.
