3744 5528
390 467 447 528 170
943 455 1132 512 Adamanfius.
1268 455 1308 510 De
1324 456 1354 511 la
1370 457 1429 512 Rue
1445 456 1484 510 IV
1500 456 1693 514 849b-8502.

471 627 537 693 ΑΔ.
584 623 692 692 Οίσθα
714 613 769 692 ότι
790 615 810 693 ό
832 627 935 712 σοφίᾳ
958 617 1098 710 ἀληθῶς
1118 615 1322 708 βουλόμενος
1345 623 1400 690 ἐπὶ
1421 625 1527 709 πέρας
1548 618 1691 708 ἄγεσθαι

355 720 431 793 οτό
454 720 671 812 ζητούμενον,
692 717 905 807 ἀποθέμενος
927 721 990 793 τὸν
1012 726 1206 808 φιλέριστον
1219 726 1275 790 καί
1297 718 1534 808 προληπτικόν
1556 717 1692 808 τρόπον

387 818 626 912 εῦγνοιμόνοος,
658 817 785 911 εῦρὴσει
811 819 852 893 τὸ
883 817 1016 910 ἀληθές.
1058 827 1201 909 πρῶτον
1231 811 1293 890 οῦν
1319 825 1395 907 περὶ
1421 811 1461 892 οὗ
1487 817 1600 904 βούλει
1627 820 1693 910 τὴν

389 920 529 1011 ζήτησιν
550 927 707 1010 γενέσθαι
728 923 835 992 ἔνθου
856 919 919 992 τόν
940 913 1026 1008 όρον
1047 927 1174 1007 σαφῶς.

354 1041 370 1094 5
471 1026 575 1091 MAP.
611 1027 693 1108 Περὶ
714 1026 777 1092 τοῦ
799 1026 948 1109 Χριστοῦ
969 1025 1040 1092 ἐστι
1061 1016 1102 1091 τό
1126 1018 1340 1109 ζητούμενον.
1375 1018 1441 1107 ἰγώ
1461 1012 1615 1107 ὁρίζομαι
1636 1012 1695 1091 ότι

387 1115 550 1208 οὐράνιον
573 1127 670 1210 σῶμα
692 1123 799 1204 ἔλαβε·
820 1119 862 1190 οὐ
883 1125 920 1190 δὲ
941 1126 976 1190 τί
997 1114 1092 1209 όρίςη
1114 1125 1196 1208 λέγε.

346 1254 351 1266 »
472 1224 538 1288 ΑΔ.
584 1226 671 1308 Φημί
706 1220 772 1307 ἐγώ
803 1223 838 1306 ἐξ
867 1223 995 1308 ἐκείνης
1027 1223 1090 1308 τῆς
1119 1215 1342 1301 ὑποστάσεως
1371 1223 1432 1306 τῆς
1461 1223 1525 1290 τοῦ
1553 1245 1695 1306 πρωτο-

387 1316 542 1390 πλάστου
562 1315 671 1408 Ἀδάμ,
694 1321 729 1404 ἐξ
750 1311 789 1408 ἧς
810 1325 865 1389 καί
886 1315 985 1408 ἡμεῖς.

470 1424 575 1489 ΜΑΡ.
614 1415 657 1489 Τὸ
681 1425 755 1489 τῶν
769 1425 987 1508 Χριστιανῶν
1005 1413 1112 1506 δόγμα
1126 1424 1237 1488 πίστει
1258 1425 1315 1488 καί
1336 1433 1480 1507 γραφαῖς
1500 1423 1694 1506 συνέστηκε.

338 1534 371 1588 10
387 1515 450 1606 χρὴ
473 1509 535 1589 οῦν
557 1513 625 1590 ἀπὸ
647 1524 791 1607 γραφῶν
812 1513 834 1606 ἢ
855 1537 965 1589 πεῖσαι
986 1513 1008 1606 ἢ
1028 1523 1221 1607 πεισθῆναι.

471 1621 538 1686 ΑΔ.
581 1622 665 1706 Λέγε
686 1613 754 1689 ἀπὸ
776 1623 926 1705 γραφῶν.

470 1721 575 1786 ΜΑΡ.
617 1722 765 1804 Πρῶτον
789 1722 850 1803 μὲν
876 1722 982 1788 τοῦτο
1010 1713 1194 1806 ζητηθήτοι
1225 1721 1254 1786 εί
1280 1712 1354 1804 <οῦ>
1381 1723 1475 1803 φέρει
1505 1714 1619 1804 αἶσχος
1651 1716 1693 1788 τό

352 1821 497 1904 ἀλέγειν
518 1811 624 1886 αὐτόν
647 1814 710 1886 τόν
731 1821 793 1886 τοῦ
820 1822 904 1887 θεοῦ
928 1814 1034 1904 λόγον
1056 1814 1124 1887 α’πό
1150 1814 1310 1904 γυναικός
1335 1812 1442 1902 σόριια
1464 1811 1695 1904 ἀνειληφέναι

470 1921 538 1986 ΑΔ.
580 1921 622 1986 Εἰ
650 1919 876 2003 ἐπισυμβαίνει
909 1913 1025 1997 πόθος
1053 1943 1088 1985 τι
1117 1920 1167 2004 τῷ
1202 1910 1295 2004 λόγῳ
1326 1921 1391 1986 τοῦ
1420 1920 1519 1998 θεοῦ,
1549 1919 1696 1986 αἰδεῖται

337 2033 370 2086 15
389 2011 429 2083 τό
449 2023 554 2084 θετον.

471 2118 575 2182 ΜΑΡ.
618 2120 714 2198 Πῶς;

470 2217 538 2282 ΑΔ.
572 2208 703 2303 Ἐπειδὴ
725 2214 810 2302 ἔφης
830 2215 944 2302 αίσχος
966 2213 1052 2283 εἰναι
1072 2210 1113 2284 τό
1135 2219 1244 2299 λέγειν
1265 2209 1328 2284 τόν
1351 2209 1456 2301 λόγον
1476 2209 1583 2299 σάρκα
1605 2209 1695 2286 ἄνει-

389 2317 544 2400 ληφέναι·
571 2310 612 2384 τό
634 2317 671 2383 δὲ
691 2323 789 2384 θειον
810 2309 872 2383 οῦκ
893 2316 1049 2392 αἰδεῖται,
1076 2308 1118 2382 οῦ
1138 2307 1239 2396 δόξης
1261 2307 1421 2401 ὀρέγεται,
1444 2308 1506 2384 οῦκ
1528 2316 1693 2402 ἐπιθυμει

389 2417 498 2482 ταῦτα
519 2409 582 2500 γὰρ
597 2408 694 2500 πάθη
714 2415 793 2496 ἐστί,
815 2419 944 2484 παθῶν
959 2417 995 2482 δὲ
1017 2410 1059 2484 τό
1081 2419 1178 2482 θετον
1194 2405 1413 2483 όνεπίδεκτόν
1436 2417 1536 2483 ἐστιν.
1569 2418 1694 2501 βραχέα

337 2527 371 2582 20
388 2517 560 2582 πυθέσθαι
582 2533 644 2583 σου
664 2510 860 2601 βούλομαιΙ

317 2622 371 2677 850
471 2616 575 2680 ΜΑΡ.
618 2617 708 2700 Λέγε.

470 2716 537 2780 ΑΔ.
584 2711 648 2782 Τόν
670 2709 862 2798 ἄνθρωπον
883 2717 936 2792 τίς
957 2685 1228 2800 έδημιοόργησεν;

471 2814 575 2880 ΜΑΡ.
616 2806 649 2879 ‘0
670 2807 759 2893 θεός.

470 2914 538 2980 ΑΔ.
579 2905 612 2980 ‘0
632 2908 746 3000 πατὴρ
769 2916 833 2983 τοῦ
854 2905 967 2998 λόγου,
990 2915 1147 2981 τουτέστι
1168 2915 1232 2981 τοῦ
1253 2914 1419 2996 Χριστοῦ;

355 3020 368 3034 ”
471 3014 575 3078 ΜΑΡ.
616 3005 649 3078 ‘0
670 3009 784 3099 πατὴρ
806 3008 867 3080 σῦν
888 3015 940 3099 τῷ
962 3005 1063 3098 λόγῳ.

471 3112 537 3178 Aa
579 3115 659 3191 Πῶς
681 3107 954 3198 ἰδημιοῦργησεν;

470 3212 574 3276 ΜΑΡ.
619 3209 748 3290 Καθώς
769 3214 858 3296 λέγει
879 3203 901 3298 ἦ
922 3203 1048 3297 γραφή·
1077 3203 1308 3296 ποιήσωμεν
1335 3205 1568 3296 ἄνθρωπον,
1599 3215 1692 3298 φησί,

387 3301 473 3376 κατ’
496 3303 632 3377 εἰκόνα
653 3315 718 3376 καί
741 3300 934 3396 όμοίοισιν
956 3302 1164 3396 ἡμετέραν·
1190 3313 1256 3378 καί
1278 3309 1417 3392 ἔλαβεν
1439 3301 1458 3380 ό
1481 3305 1576 3392 θεός
1595 3316 1693 3402 χοῦν

388 3401 465 3477 ἀπὸ
487 3412 556 3496 τῆς
579 3412 648 3495 γῆς
669 3413 734 3476 καί
757 3409 903 3477 ἔπλασε
924 3403 997 3476 τόν
1018 3404 1246 3490 ἄνθρωπον.

471 3609 596 3678 27-29]
615 3609 682 3664 Gen.
695 3614 723 3664 1:
735 3611 777 3675 26,
794 3613 823 3665 2:
837 3611 860 3663 7.

472 3780 488 3836 l
509 3775 570 3838 ⁶<
584 3777 644 3833 13¹1)
660 3779 664 3846 Ι
679 3777 698 3833 2
711 3773 872 3850 φιλέριστον
885 3777 1040 3844 AB¹D¹FH‚
1055 3776 1182 3850 φιλέριδα
1195 3779 1221 3833 d.
1234 3779 1292 3834 flbr.
1309 3783 1313 3849 Ι
1328 3781 1435 3851 ἰσαφῆ
1447 3781 1473 3835 d.
1485 3781 1565 3847 Hss„
1585 3781 1691 3835 »mani-

385 3864 498 3932 [ιείίιιοι
518 3863 579 3918 Rus.
611 3862 759 3917 vielleioht
770 3861 877 3918 sohrieb
889 3863 938 3918 der
950 3863 1038 3919 Veri:
1057 3861 1232 3935 σαφέστερον
1247 3865 1251 3932 Ι
1267 3865 1302 3921 12
1322 3863 1356 3921 οὐ
1373 3875 1406 3925 <
1423 3866 1449 3920 d.
1461 3865 1541 3933 HSS„
1561 3866 1605 3920 »εἰ
1619 3883 1689 3920 ποτε(

386 3951 446 4007 Rus.
467 3951 471 4019 ί
494 3950 580 4016 14115
598 3945 625 4003 εἰ
636 3977 669 3986 -
680 3947 771 4017 θεῖον]
790 3947 858 4003 Wau
876 3947 927 4003 Ad.
945 3947 1005 4004 hier
1025 3951 1094 4018 ειμι,
1117 3947 1243 4004 τετείεἰιε
1259 3949 1304 4004 ioh
1321 3951 1399 4006 nicht
1416 3951 1500 4006 recht„
1535 3949 1572 4004 Εε
1587 3949 1625 4005 inb
1641 3967 1692 4020 gar

385 4036 466 4092 keine
488 4033 669 4104 Erwiderung
691 4033 741 4088 auf
767 4033 816 4086 διε
837 4051 895 4088 was
916 4033 1039 4088 Marinus
1061 4035 1147 4103 sagte.
1182 4033 1231 4088 Boi
1252 4034 1315 4091 Rus.
1336 4034 1429 4090 finden
1450 4034 1502 4090 wir
1522 4034 1583 4090 eine
1603 4035 1691 4106 Frage

388 4121 493 4175 »Potest
510 4119 585 4173 enim
602 4118 723 4172 σοοιλὶενι
740 4123 812 4185 τελε,
830 4117 915 4173 αἰίεἰο
933 4119 1005 4172 auch
1022 4135 1052 4173 εο
1069 4118 1159 4173 bleibb
1176 4119 1221 4173 dio
1238 4118 1464 4190 Beweinfflhrung
1480 4119 1588 4174 unklar.
1618 4119 1690 4176 Viol-

386 4205 472 4262 leioht
489 4201 615 4260 erhalton
631 4202 683 4256 wir
699 4201 780 4257 einen
797 4204 883 4257 oms
901 4202 1029 4257 hemeran
1041 4203 1285 4274 Zmammenhang,
1302 4221 1384 4259 πονο
1395 4204 1447 4260 wir
1463 4199 1491 4260 εἰ
1506 4222 1555 4261 vor
1573 4203 1690 4262 αἰδεῖται

386 4293 486 4354 sewen,
510 4289 581 4344 alno:
602 4285 812 4358 Ἑπισνμβαίνει
829 4284 924 4352 πάθος
941 4305 968 4342 τι
985 4293 1025 4359 τῷ
1042 4290 1065 4341 λ.
1084 4305 1107 4342 τ.
1125 4290 1162 4352 θ.,
1180 4284 1208 4343 εἰ
1224 4285 1342 4344 αἰδεῖται
1358 4287 1391 4344 τδ
1409 4292 1499 4344 θεῖον.
1528 4289 1581 4344 Ad.
1598 4291 1691 4344 wurdo

386 4375 461 4429 daun
479 4375 579 4444 gesagt
594 4373 698 4426 haben:
721 4370 778 4426 Das
795 4368 945 4438 αἰδεῖσθαι,
963 4387 1061 4426 wovon
1079 4371 1146 4426 Mar.
1164 4373 1249 4438 τεᾱεί,
1269 4373 1363 4428 vflrde
1380 4371 1425 4427 oin
1443 4371 1538 4440 πάθος
1555 4373 1625 4436 sein.
1647 4375 1691 4429 fflr

329 4499 333 4508 .
385 4457 466 4528 πάθη
488 4459 554 4513 aber
576 4457 612 4511 ist
632 4457 682 4511 das
700 4456 800 4510 Woeen
822 4455 871 4511 dor
889 4455 1016 4511 Gottheit
1036 4455 1115 4510 nicht
1137 4455 1316 4527 ταςδοςίὶοίι,
1342 4457 1401 4513 also
1424 4457 1461 4512 ist
1482 4458 1532 4512 dan
1549 4457 1690 4515 αἰδεῖσθαι

386 4541 619 4614 ausgesohlosnen,
637 4539 692 4610 vgl.
704 4541 779 4596 8562
793 4541 797 4608 Ι
814 4539 852 4595 14
869 4537 965 4604 πάθος
979 4549 1012 4600 <
1023 4539 1070 4594 m
1085 4541 1089 4608 Ι
1107 4541 1142 4596 17
1163 4541 1214 4596 Die
1225 4541 1297 4596 HSS.
1309 4539 1400 4596 haben
1412 4543 1445 4598 ελ
1457 4536 1507 4598 ‘Aa
1520 4543 1573 4598 den
1585 4543 1689 4604 Numen

385 4626 470 4700 Είπρ.
488 4625 545 4680 und
563 4624 616 4680 den
633 4624 739 4679 Numen
758 4619 806 4679 Ἄδ.
824 4641 874 4680 vor
890 4621 1007 4696 βραχέα.
1042 4624 1090 4679 Ich
1107 4625 1157 4680 bin
1175 4625 1236 4681 auf.
1255 4625 1370 4696 gofolgt.
