3744 5528
215 509 327 579 Caspari
344 509 370 563 V
389 525 411 563 c.
431 510 472 564 22.
494 511 535 566 23.
822 511 931 581 Diatog.
1465 513 1526 576 223

214 677 304 742 dicit:
327 681 436 742 Nonae
460 682 595 743 immines
620 684 713 744 cetis?
750 679 828 756 Quis
849 680 933 744 enim
954 677 1080 761 ignorat
1111 676 1185 759 quia
1207 675 1256 740 illi
1285 675 1340 758 qui
1362 674 1473 738 dicunt
1493 695 1526 738 se

215 777 303 842 Petri
325 799 400 856 esse,
422 776 474 841 uel
495 777 595 856 Pauli,
622 777 674 842 uel
694 779 820 862 Apollo,
847 779 1012 844 hominum
1034 777 1101 842 sine
1124 777 1220 841 dubio
1242 775 1301 841 filii
1328 778 1416 840 erant
1443 775 1528 839 etin

218 877 395 940 substantia
421 877 584 942 hominurn
610 878 856 960 permanebant?
882 876 935 942 uel
959 877 1009 942 illi
1036 878 1151 962 quibus
1178 875 1299 941 scribit:
1329 880 1407 941 &aa
1428 877 1529 938 essetis

218 983 253 1040 in
274 983 383 1040 mure?
409 974 576 1060 Numquid
601 998 665 1042 non
687 980 719 1042 et
739 981 822 1055 tunc,
850 981 1004 1060 quantum
1031 980 1070 1042 ad
1091 975 1300 1042 substantiam
1325 974 1469 1057 pertinet,
1495 973 1529 1036 in

187 1079 312 1140 beaune
334 1080 442 1141 erant?
478 1075 540 1140 Sed
566 1097 692 1142 carnem
713 1077 838 1142 dicebat
863 1077 964 1140 uitem
990 1077 1076 1142 carni
1104 1075 1249 1151 deditum,
1279 1096 1375 1157 quarn
1401 1077 1432 1138 et
1457 1073 1528 1138 ideo

220 1174 356 1239 alienam
383 1175 481 1240 efficit
511 1198 529 1240 a
555 1198 611 1259 spe
638 1176 818 1242 futurorum
844 1176 1007 1256 bonorum,
1036 1180 1198 1261 tamquam
1226 1196 1307 1258 quae
1336 1196 1402 1239 non
1426 1174 1529 1256 possit

220 1273 307 1339 uitiis
329 1280 361 1339 et
382 1275 636 1358 corruptionibus
662 1276 806 1341 inuoluto
833 1275 1057 1340 haereditatem
1082 1277 1173 1359 regni
1203 1275 1255 1339 dei
1280 1272 1460 1357 promereri.
1495 1271 1530 1337 Si

220 1375 282 1438 hoc
303 1396 379 1439 uero
400 1377 439 1439 de
460 1378 572 1440 nature
592 1375 662 1458 ipsa
683 1375 823 1458 corporis
845 1375 1008 1454 diceretur,
1037 1378 1074 1438 ut
1098 1373 1152 1438 isti
1178 1377 1298 1457 putant,
1329 1375 1415 1455 quod
1441 1394 1530 1455 spem

220 1494 284 1537 non
305 1474 434 1538 haberet
455 1474 580 1539 futurae
600 1474 844 1552 resurrectionis
871 1473 948 1558 quid
970 1495 1051 1557 opus
1079 1477 1146 1538 erat
1166 1495 1235 1538 earn
1263 1473 1358 1538 etiam
1379 1471 1528 1555 baptismi

171 1583 204 1638 10
221 1572 355 1656 gratiam
382 1574 551 1658 consequi?
587 1573 636 1638 lte
661 1574 744 1638 enim
766 1573 843 1639 dicit
861 1573 1037 1656 apostolus:
1069 1577 1109 1636 Et
1135 1578 1204 1637 haec
1228 1577 1347 1655 quidem
1368 1575 1529 1654 ottocento

219 1677 336 1751 fuistis,
361 1679 412 1737 sed
432 1677 525 1739 adiuti
545 1679 626 1754 estis,
656 1679 706 1738 scd
726 1677 905 1754 sonchficcti
925 1678 1003 1738 estis.
1039 1671 1123 1748 Quid
1149 1691 1225 1756 ergo
1248 1676 1295 1736 est
1321 1673 1408 1753 quod
1428 1670 1530 1736 lotum

222 1775 288 1836 est?
309 1771 362 1836 uel
377 1772 454 1854 quid
475 1776 624 1856 estquod
645 1772 874 1838 sanctificatum
893 1776 962 1838 est?
984 1771 1193 1855 Respondeat.
1214 1770 1259 1835 Et
1273 1769 1422 1854 quoniam
1436 1769 1529 1834 uideo

221 1869 303 1936 inter
324 1872 483 1936 auditores
505 1874 614 1938 adesse
634 1873 839 1958 Megethium,
865 1876 1030 1956 propterea
1057 1874 1095 1936 de
1120 1871 1261 1954 ipsorum
1287 1870 1430 1952 apostole
1457 1868 1530 1952 lego

221 1969 415 2050 testimonia,
445 1975 482 2036 ut
507 1993 609 2038 sermo
635 1993 724 2036 meus
751 1975 790 2036 cd
816 1976 985 2055 utrumque
1007 1973 1202 2055 respondeat.
1237 1968 1357 2034 Paulus
1384 1988 1459 2053 ergo
1491 1971 1534 2032 cd

171 2067 350 2134 instalatus
372 2070 511 2136 scribens
532 2071 577 2134 ita
598 2071 690 2138 dixit:
720 2076 806 2146 Quod
830 2083 930 2136 autem
955 2095 1037 2136 cunc
1061 2075 1137 2135 uiuo
1159 2075 1194 2134 ic
1214 2091 1302 2132 carne
1322 2073 1357 2132 ic
1377 2073 1436 2150 fide
1456 2073 1531 2132 uiuo

221 2173 282 2248 [itii
302 2174 358 2247 clei,
385 2174 440 2252 qui
459 2175 581 2235 redemit
601 2194 656 2236 me.
691 2170 734 2237 Et
754 2171 884 2236 iterum:
909 2176 954 2235 Dc
974 2180 1083 2234 coemo
1104 2191 1191 2234 moro
1217 2173 1296 2232 mihi
1320 2172 1462 2232 molestus
1482 2172 1531 2234 sit.

221 2271 286 2349 Epo
321 2274 402 2332 enim
431 2275 571 2350 stiporctu
600 2275 718 2334 domim
750 2275 848 2334 nostri¹
880 2273 949 2334 Iesu
981 2274 1094 2334 Christi
1122 2274 1157 2332 io
1192 2290 1310 2349 corpore
1338 2290 1402 2331 meo
1432 2279 1530 2348 porto.

223 2366 393 2432 Uideamus
421 2389 496 2453 ergo
528 2370 603 2452 quid
630 2368 773 2434 indicant
796 2369 875 2434 istae
902 2369 1082 2434 sententiae.
1123 2372 1210 2442 Quod
1235 2371 1324 2444 uiuo,
1353 2366 1464 2449 inquit,
1498 2373 1533 2432 io

221 2489 307 2530 corne
332 2472 366 2530 io
391 2473 450 2548 fide
474 2474 549 2533 uiuo
575 2473 636 2550 filii
655 2473 720 2533 Dei
756 2468 884 2536 Certum
910 2472 958 2533 est
986 2487 1060 2551 ergo
1093 2466 1168 2550 quia
1193 2466 1261 2530 uita
1286 2465 1361 2530 fidei
1381 2466 1415 2530 in
1440 2489 1532 2532 earne

171 2573 206 2628 20
223 2571 282 2646 est,
314 2571 346 2630 et
373 2567 523 2651 stigmate
548 2567 632 2648 Iesu,
662 2590 718 2651 per
749 2589 830 2651 quae
859 2567 952 2633 nobis
981 2566 1067 2631 salus
1098 2570 1154 2644 est,
1184 2586 1297 2648 corpus
1327 2566 1387 2630 hoc
1419 2569 1532 2648 portet

223 2664 387 2741 Quomodo
410 2687 484 2752 ergo
501 2689 622 2752 corpus,
645 2671 730 2751 quod
744 2671 851 2751 portet
873 2666 983 2732 salutis
1001 2666 1151 2750 stigmata
1165 2669 1197 2729 et
1218 2663 1293 2728 fidei
1307 2664 1403 2729 habet
1424 2665 1532 2745 uitem,

221 2764 347 2829 uidetur
372 2767 463 2831 nobis
492 2788 554 2832 non
581 2789 648 2833 esse
669 2767 876 2832 seluandum?
912 2765 947 2830 Si
969 2765 1052 2830 enim
1074 2763 1153 2829 nihil
1174 2767 1303 2847 prodest
1323 2753 1438 2828 hebere
1459 2763 1533 2828 fidei

221 2864 321 2928 uitem
343 2868 375 2929 et
400 2865 549 2950 stigmata
569 2866 654 2948 Iesu,
679 2865 760 2931 nihil
786 2867 846 2930 erit
871 2887 962 2931 omne
991 2866 1077 2948 quod
1103 2863 1235 2948 agimus.
1271 2861 1306 2928 Si
1326 2883 1402 2928 uero
1428 2862 1462 2927 in
1483 2863 1533 2927 his

223 2967 272 3027 est
291 2963 389 3043 salus,
415 2985 488 3030 caro
510 2987 637 3050 quoque
658 2967 754 3031 habet
775 2965 917 3030 salutem.
951 2964 1004 3027 Ad
1026 2961 1206 3028 Corinthios
1229 2983 1305 3027 uero
1328 2961 1466 3026 scribens
1488 2960 1533 3026 ita

172 3062 313 3128 audiun
347 3068 475 3128 Nasoitr's
504 3071 577 3147 queo
606 3089 729 3147 corporo
757 3075 859 3130 uestra
886 3068 1018 3128 membro
1049 3067 1162 3129 Chr-isti
1190 3067 1284 3126 eunt?
1324 3065 1438 3126 Totiens
1467 3082 1534 3142 erpo
1669 3094 1674 3104 -

223 3167 354 3227 cumbra
383 3167 502 3243 Christi,
533 3169 646 3244 facturn
674 3167 806 3228 cumbra
834 3168 1017 3228 machine?
1053 3167 1157 3227 Absit!
1194 3161 1228 3226 Si
1250 3159 1366 3226 Christi
1392 3161 1534 3226 membra

224 3267 299 3327 sunt
324 3284 456 3347 corpora
480 3267 596 3343 nostra,
626 3266 681 3327 cut
706 3266 838 3346 pereunt
859 3262 977 3328 Christi
1003 3263 1153 3341 membra,
1184 3266 1239 3325 ant
1265 3282 1390 3325 caruem
1416 3259 1533 3325 selueri

223 3383 351 3427 neeesse
373 3367 428 3428 est

308 3500 334 3544 c.
355 3479 503 3547 XXIII.
531 3485 606 3545 Mar.
624 3483 665 3544 d:
687 3477 817 3560 Corpus,
838 3500 902 3543 non
924 3500 1049 3544 earnem
1070 3477 1155 3542 dicit

311 4580 404 4650 silli]
429 4579 494 4636 Cod.
517 4579 581 4635 illis.
616 4577 709 4634 Durch
735 4578 853 4634 Einfluss
879 4578 927 4635 des
950 4579 1017 4650 folg.
1046 4577 1175 4647 »quibus«
1204 4575 1368 4632 entstauden
1392 4574 1396 4644 Ι
1422 4576 1440 4630 5
1468 4574 1536 4629 Cod.

226 4663 358 4720 dicebaut
373 4665 411 4731 tt)
431 4664 500 4733 eam]
522 4662 586 4718 God.
606 4679 676 4718 eum.
708 4661 818 4733 Ccspnri
834 4662 922 4732 fregi:
941 4661 1031 4716 Eam?
1050 4662 1118 4716 -B
1133 4663 1137 4730 Ι
1153 4660 1190 4716 22
1210 4659 1277 4717 cod.
1294 4660 1391 4715 Cerne.
