3744 5524
194 507 305 578 Casperi
321 509 334 563 l
353 525 375 564 c.
393 509 444 564 23:
791 506 898 578 Dialog.
1460 514 1499 574 45

195 676 302 761 gnitus
318 681 373 754 eet,
388 675 470 740 sicut
482 676 550 759 ipse
561 674 704 740 Christus
719 675 910 758 pronuntiat,
925 678 964 740 de
979 697 1012 740 se
1027 675 1147 740 dicens:
1166 679 1260 739 Nemo
1278 680 1366 740 nouit
1381 680 1502 740 Patrem

195 781 258 840 aaa
278 780 363 840 solos
382 780 476 856 filias,
498 797 592 857 oeque
612 780 713 856 filiam
734 781 804 857 qais
824 780 912 839 nouit
932 779 996 838 ochi
1011 785 1105 856 poter.

278 879 333 940 Ad.
354 879 392 939 d:
428 873 531 940 Ualde
567 875 830 958 inconsequenter
865 873 1027 958 scripturis
1060 875 1175 940 sanctis
1206 874 1354 940 abuteris.
1404 873 1502 938 Putas

195 975 278 1039 euim
299 975 359 1040 hoc
380 973 487 1039 aeolo
510 973 667 1040 saluatore
689 976 815 1040 dictum.
858 973 945 1038 Audi
966 978 998 1038 et
1014 971 1126 1038 Esaias
1149 974 1226 1057 quid
1248 975 1339 1040 dicit:
1368 977 1504 1053 Apoooit

159 1079 246 1139 atos
262 1096 465 1156 possessorem
484 1097 588 1152 soum,
613 1085 641 1138 et
660 1080 767 1138 osiam
783 1096 922 1156 praesepe
943 1078 1060 1137 domem
1079 1079 1146 1150 eui,
1167 1077 1261 1138 Israel
1280 1095 1351 1138 aero
1372 1095 1420 1137 me
1440 1095 1503 1136 noc

194 1175 335 1254 eopnouil
358 1183 384 1238 et
404 1175 537 1254 populas
562 1196 609 1238 me
633 1196 696 1238 aon
720 1177 868 1240 inlelleail.
909 1172 953 1238 Et
978 1171 1156 1238 Hieremias
1183 1173 1272 1238 dicit:
1302 1178 1431 1238 loeson
1456 1195 1503 1236 co·

193 1283 334 1354 pnoseeot
352 1295 400 1337 me
420 1295 440 1335 a
460 1277 587 1338 minimo
608 1295 704 1354 osque
724 1277 763 1337 ad
783 1277 953 1336 mamam
972 1294 1084 1336 corace

278 1377 350 1454 Mep.
371 1377 410 1437 d:
446 1370 609 1448 Quomodo
641 1391 716 1455 ergo
746 1370 893 1437 Ezechiel
919 1371 1010 1436 dixit:
1050 1375 1091 1436 El
1118 1377 1240 1453 aquitae
1269 1394 1340 1437 som
1364 1375 1504 1453 paoem

197 1477 305 1537 amires
326 1477 361 1536 io
382 1475 515 1536 deserto?

145 1578 180 1632 10
280 1576 334 1636 Ad.
351 1576 391 1636 d:
413 1567 488 1636 Nou
506 1592 544 1634 ex
563 1592 600 1636 eo
624 1573 709 1654 quod
723 1569 870 1636 Ezechiel
884 1570 964 1635 dixit
981 1570 1125 1654 agnitum
1146 1593 1217 1634 eum
1233 1592 1300 1636 esse
1320 1569 1505 1654 apatribus,

198 1672 292 1736 etiam
310 1670 374 1736 illis
396 1669 451 1752 qui
469 1673 545 1735 tunc
565 1675 655 1734 eraut
674 1675 786 1736 notum
806 1691 877 1734 eum
899 1692 966 1734 esse
988 1669 1161 1735 confirmet
1198 1667 1281 1734 Nam
1305 1673 1336 1733 et
1358 1668 1505 1733 dominus

197 1775 304 1836 noster
318 1769 470 1848 Christis,
492 1790 564 1834 cum
579 1774 667 1835 tanto
681 1773 821 1852 tempore
837 1769 949 1834 linisset
970 1790 1042 1833 cum
1058 1768 1229 1852 discipulis,
1252 1767 1390 1846 dicebat;
1410 1773 1505 1834 Nemo

197 1876 284 1935 ocull
311 1873 413 1951 filieon
441 1874 506 1933 orsi
531 1880 622 1950 poter.
671 1867 714 1934 Et
743 1868 871 1952 quidem
899 1868 1067 1933 uidebatur
1096 1869 1136 1933 ab
1167 1867 1326 1948 omnibus,
1358 1870 1414 1932 sed
1442 1889 1506 1932 non

198 1970 455 2053 cognoscebatur.
489 1966 549 2033 Uis
571 1973 676 2034 autem
696 1969 804 2034 uidere
818 1967 1120 2052 magnificentiorem
1142 1967 1232 2032 uerbi
1254 1967 1409 2052 figuram?
1435 1965 1506 2050 lpse

149 2071 182 2126 15
200 2068 346 2134 domiuus
372 2071 404 2132 et
424 2066 563 2132 saluatur
588 2067 666 2133 dicit
688 2072 728 2132 ad
754 2073 946 2153 peccatores:
976 2071 1121 2132 Discedile
1146 2091 1165 2130 a
1190 2089 1236 2131 me
1263 2071 1317 2148 qui
1341 2070 1508 2148 operam

199 2173 400 2250 temeritatem,
426 2172 571 2249 quoniam
596 2190 658 2232 ooo
683 2173 759 2232 noui
784 2191 849 2234 eoos.
892 2165 1057 2250 Numquid
1077 2165 1144 2244 ille,
1172 2165 1228 2249 qui
1249 2168 1344 2231 corda
1365 2165 1507 2230 omnium

199 2268 296 2346 nouit,
317 2266 484 2351 ignorabat
505 2271 578 2332 eos?
600 2267 652 2332 An
672 2271 838 2351 propterea
858 2267 936 2331 haec
957 2267 1046 2338 dicit,
1068 2265 1143 2349 quie
1163 2265 1224 2330 sibi
1247 2286 1355 2330 eorum
1377 2287 1507 2330 conuer-

200 2366 280 2432 satio
302 2366 508 2450 displicebat?
538 2365 724 2450 Intellegere
751 2366 866 2431 etenim
892 2385 1061 2451 agnoscere
1090 2365 1217 2446 dicitur,
1247 2365 1329 2429 sicut
1351 2369 1382 2428 et
1402 2363 1509 2429 Dauid

200 2465 288 2531 dicit:
321 2471 424 2531 Patres
437 2471 531 2530 uestri
550 2488 615 2530 ooo
634 2471 837 2530 iotelleaeeroat
855 2469 1007 2530 mirabilia
1027 2487 1093 2529 mea
1113 2470 1149 2529 io
1171 2475 1247 2529 terro
1264 2470 1396 2531 Gomon.
1432 2462 1506 2529 Non

202 2566 284 2631 euim
304 2587 342 2630 ex
361 2586 398 2631 eo
422 2569 508 2649 quod
525 2565 658 2645 uidetur,
680 2567 735 2630 sed
755 2587 792 2630 ex
808 2586 844 2630 eo
868 2567 954 2648 quod
966 2563 1172 2648 intellegitur,
1195 2562 1267 2646 quis
1282 2562 1372 2628 nosci
1393 2562 1509 2628 dicitur

202 2665 253 2730 uel
275 2687 412 2744 rursum,
435 2666 463 2730 si
483 2686 548 2729 uon
569 2664 776 2749 intellegitur,
799 2664 946 2749 ignorari.
988 2662 1031 2729 Et
1051 2665 1123 2729 ideo
1144 2661 1399 2728 manifestissime
1420 2662 1508 2726 inue-

201 2764 278 2830 niris
293 2786 357 2830 non
371 2764 474 2830 solum
488 2763 659 2848 prophetis,
680 2787 791 2830 uerum
807 2769 838 2830 et
853 2763 1025 2847 euangeliis
1041 2763 1263 2842 contradicere,
1284 2761 1340 2828 ubi
1355 2761 1508 2840 Christus,

203 2866 259 2948 qui
279 2866 318 2930 ab
341 2864 487 2930 omnibus
508 2863 683 2943 uidebatur,
710 2865 787 2929 dicit
808 2865 896 2947 quia:
923 2869 1018 2928 Nono
1038 2869 1127 2928 acolt
1143 2867 1251 2943 silicea
1286 2859 1329 2926 Et
1350 2863 1508 2944 quomodo

203 2964 376 3030 contrarios
399 2985 466 3028 esse
486 2965 657 3047 prophetas
680 2964 853 3048 euangeliis
876 2963 989 3041 dicitis,
1010 2984 1083 3028 cum
1104 2964 1213 3026 eadem
1235 2964 1267 3026 et
1286 2962 1456 3045 prophetae
1478 2966 1510 3026 et

151 3073 185 3128 25
203 3063 342 3130 Christus
363 3064 397 3128 in
418 3063 592 3148 euangeliis
615 3067 653 3128 de
675 3064 726 3128 dei
747 3064 907 3148 agnitione
927 3062 1153 3146 pronuntient?

287 3180 306 3234 6
324 3178 378 3233 Jer.
396 3180 442 3233 31:
456 3180 497 3245 33,
515 3197 558 3234 wo
576 3195 604 3232 ee
623 3178 689 3232 eber
705 3177 870 3249 umgekchrt
889 3182 928 3231 »et
945 3181 1102 3246 eopooseont
1118 3194 1175 3231 me«
1195 3179 1245 3234 ete.
1264 3176 1356 3233 heisst.
1386 3177 1421 3232 So
1440 3176 1510 3231 auch

203 3281 284 3319 unser
301 3281 340 3333 gr.
358 3263 389 3319 Τ.
407 3259 629 3332 perseconar.
664 3263 720 3317 Der
738 3263 804 3316 Sinn
822 3263 870 3317 dee
886 3261 974 3316 (litate
991 3261 1019 3316 in
1038 3261 1100 3316 dem
1117 3262 1251 3318 letuteren
1269 3261 1376 3318 soheint
1393 3279 1427 3316 cu
1444 3261 1510 3324 sein,

204 3349 266 3402 dass
284 3365 333 3402 ana
351 3347 412 3402 dem
432 3352 618 3417 »copnoseeot«
638 3347 686 3400 dee
703 3347 834 3402 Jeremiae
852 3346 927 3418 folge
944 3346 1007 3402 duee
1019 3345 1103 3402 lsrael
1119 3365 1166 3402 aur
1178 3347 1235 3401 Zeit
1253 3346 1340 3402 dieses
1353 3347 1511 3417 Propheten

204 3432 257 3487 den
274 3432 364 3487 Herm
380 3431 460 3486 nicht
481 3433 605 3502 gehannt
627 3431 710 3495 habe,
732 3431 789 3486 und
811 3431 860 3486 das
880 3448 965 3484 ›oon‹
985 3432 1023 3485 im
1042 3431 1107 3488 cod
1126 3431 1232 3486 echeint
1249 3430 1335 3486 daher
1352 3449 1385 3486 an
1403 3431 1511 3492 rdhren,

203 3517 266 3572 dass
283 3517 378 3570 Rufina
395 3516 523 3586 Vorlage,
542 3515 608 3570 oder
625 3514 712 3569 dieser
730 3515 822 3582 eelhst,
841 3514 906 3570 oder
923 3514 1034 3570 endlich
1051 3515 1096 3570 ein
1107 3515 1289 3571 Abechreiher
1306 3515 1394 3571 eeiner
1408 3505 1511 3582 Ubere,

204 3601 248 3656 die
265 3601 496 3670 Argumentation
519 3601 566 3656 dee
584 3599 680 3655 Verf.'e
702 3599 782 3655 nicht
805 3600 980 3663 verstehcnd,
1008 3599 1057 3654 dee
1080 3600 1209 3670 negative
1227 3600 1396 3654 Adverhinm
1416 3600 1445 3654 in
1464 3601 1513 3656 der

204 3686 337 3756 Meinung
349 3685 531 3756 hinaugcfilgt
542 3685 599 3752 hat,
618 3703 646 3740 ee
657 3691 747 3740 mdsse
765 3686 794 3739 in
807 3685 869 3740 dem
882 3683 964 3751 (litet,
982 3685 1083 3740 ebenso
1100 3683 1152 3738 wie
1165 3683 1195 3737 in
1207 3683 1271 3738 dem
1282 3684 1512 3754 vorangehenden

204 3788 253 3825 aus
271 3769 384 3837 Jceaias,
403 3770 448 3824 ein
465 3769 658 3824 Nichtlrenncn
676 3770 723 3824 des
741 3769 828 3824 Herm
851 3785 905 3824 von
928 3769 1021 3823 Seiten
1044 3768 1141 3824 israele
1164 3767 1255 3822 direlst
1277 3771 1426 3839 ausgeeagt
1447 3768 1512 3824 sein.

205 3853 277 3908 Oder
299 3853 381 3910 sollte
403 3857 486 3909 etwa:
516 3858 555 3907 ›et
580 3871 636 3908 noa
662 3857 838 3923 capesserent«
867 3872 900 3908 an
923 3853 999 3908 lesen
1027 3853 1104 3908 sein?
1138 3853 1220 3907 Dann
1247 3852 1340 3908 wssrde
1366 3853 1416 3908 der
1438 3853 1508 3908 Verf

205 3938 252 3992 der
270 3938 383 4002 Schritt,
411 3937 477 3993 oder
500 3936 548 3992 der
566 3938 689 3993 Urheher
711 3939 760 3994 der
777 3937 896 4008 Vorlage
918 3938 1024 4004 Rufius,
1051 3939 1117 3994 oder
1138 3938 1227 3992 dieser
1248 3937 1297 3992 das
1319 3955 1374 3992 von
1391 3936 1445 3991 Jer.
1468 3953 1513 4008 ge·

208 4023 342 4078 hrauchte
364 4023 432 4086 Fut..
454 4041 501 4078 um
523 4023 568 4078 die
589 4023 618 4078 in
635 4023 695 4092 {den
713 4021 829 4078 Worten
852 4021 899 4077 des
922 4023 1076 4094 Propheten
1098 4021 1226 4092 liegende
1247 4021 1401 4076 Thatsaehe
1424 4021 1516 4075 direlrt

207 4108 425 4174 auszudrdclren,
451 4108 480 4161 in
503 4108 552 4162 dae
575 4108 662 4174 Pras,
689 4106 746 4162 und
772 4107 817 4162 ein
839 4107 1020 4163 Abechreiher
1046 4107 1093 4162 der
1119 4106 1282 4161 rufiniechen
1306 4094 1400 4161 Ubere.
1428 4105 1515 4160 dieeee

205 4192 353 4247 wiederum
380 4193 409 4246 in
432 4193 481 4246 das
503 4209 552 4247 aue
575 4192 624 4246 der
646 4193 679 4246 It.
698 4192 764 4246 oder
781 4191 863 4263 Vulg.
885 4192 1026 4247 bekannte
1048 4191 1108 4246 Fut.
1130 4190 1301 4246 verwandelt
1321 4191 1420 4245 haben.
1457 4190 1516 4258 (leh

206 4277 307 4347 glauhe
323 4276 409 4342 nieht,
427 4276 489 4331 dass
507 4277 567 4331 eine
585 4295 615 4332 so
634 4277 809 4332 verwiclselte
827 4278 901 4346 Lege
919 4276 1108 4332 annunehmen
1125 4275 1169 4329 iet
1205 4279 1261 4330 Aue
1279 4275 1327 4329 der
1344 4274 1515 4345 Auslaeeung

203 4377 263 4415 von
281 4359 369 4417 πάλαι
387 4363 417 4431 (s.
437 4361 463 4416 d.
482 4361 583 4432 griech.
595 4361 676 4430 Text)
695 4362 763 4432 geht
780 4380 815 4416 m.
830 4361 860 4417 lt.
879 4361 1001 4416 deutlich
1018 4360 1124 4427 hervor,
1142 4360 1205 4414 dass
1222 4357 1283 4414 Rus.
1302 4358 1346 4412 die
1363 4361 1514 4428 Argumen-

207 4446 297 4502 tation
315 4447 393 4501 nieht
411 4446 576 4502 verstanden
593 4445 650 4501 hat
682 4445 831 4500 Vielleicht
842 4445 892 4500 hat
910 4463 939 4501 er
951 4445 1036 4499 echon
1048 4442 1134 4500 πάλιν
1145 4445 1264 4515 gelesen.
1282 4475 1315 4484 —
1328 4444 1360 4511 B)
1376 4443 1380 4512 Ι
1397 4443 1432 4515 19
1450 4441 1516 4497 cod
1601 4452 1608 4460 ’

206 4531 235 4585 in
251 4531 371 4585 terrain
386 4533 467 4598 terre,
485 4531 530 4585 die
547 4530 615 4586 awai
632 4530 736 4585 letzten
748 4531 792 4585 W.
805 4531 1006 4585 unterstrichen
1021 4531 1025 4598 Ι
1041 4530 1081 4585 20
1099 4529 1168 4599 quie]
1186 4528 1277 4594 Quid‘?
1291 4529 1296 4597 Ι
1312 4527 1377 4582 (lod
1396 4527 1516 4591 discitur,

207 4614 255 4669 der
267 4616 378 4670 Buchet.
397 4634 441 4670 as«
460 4613 660 4671 unterstrichen
676 4615 680 4682 Ι
696 4615 733 4669 21
755 4614 890 4670 »Inveniri
906 4614 994 4668 istud«
1016 4613 1080 4670 Cod.
1107 4613 1271 4682 (»invenitur
1288 4612 1376 4668 istud«
1397 4610 1516 4684 Caepari,

209 4698 368 4754 »inveniris«
389 4701 455 4756 oder
474 4698 693 4763 »imminete«,
712 4699 745 4753 ef.
764 4695 879 4772 εὑρίσκῃ
896 4729 929 4740 -
946 4701 988 4766 B).
