3708 5498
187 479 434 552 cupservas.
780 475 887 546 Dialog.
1431 483 1490 546 139

186 649 325 714 homines
351 649 517 712 aduersum
543 668 576 712 sa
605 644 742 712 inuioem
769 648 985 712 concertantes
1012 649 1044 710 et
1069 645 1170 728 primo
1197 644 1396 712 contumeliis
1423 667 1490 711 sese

184 757 250 814 tum
272 747 385 814 deinde
407 748 502 812 etism
521 749 615 812 raeda
636 745 814 812 multantes.
850 743 926 810 Inde
947 763 1132 829 progressus
1152 744 1244 826 uideo
1265 744 1345 812 alios
1367 767 1491 812 exsera-

184 847 296 913 biliors
316 849 540 930 perpetrantes.
575 843 659 910 Nam
681 847 744 911 duo
759 845 888 930 quidam
909 849 1069 910 mortuum
1084 843 1303 928 despoliabunt
1324 851 1355 912 et
1376 867 1490 932 eorpus

183 949 244 1013 iam
263 953 366 1012 terrae
387 948 570 1012 mandatum
591 966 716 1010 rursum
737 947 871 1029 praedae
893 967 988 1010 eausa
1009 943 1200 1012 effodiebant
1221 944 1418 1030 similemque
1440 948 1489 1012 sui

151 1047 353 1132 timaginem
390 1047 521 1112 oanibue
552 1048 584 1110 et
618 1043 727 1110 bestiis
757 1043 968 1110 dilaniandam
1005 1043 1234 1128 relinquebant
1277 1043 1489 1129 Posteaquam

182 1147 277 1210 etiam
307 1146 393 1211 istud
422 1146 611 1212 horrendum
647 1143 862 1227 speeteoulum
897 1145 1052 1228 superari,
1086 1143 1180 1208 uideo
1216 1143 1314 1210 alium
1347 1144 1488 1212 districto

182 1244 288 1330 gladio
310 1247 489 1310 tendentem
509 1247 658 1310 aduersus
680 1241 778 1308 elium
799 1244 968 1324 hominem,
990 1247 1022 1310 et
1042 1241 1134 1310 illum
1162 1244 1288 1328 quidem
1314 1243 1488 1329 fugientem

182 1345 265 1411 huno
285 1349 391 1410 autem
411 1344 479 1410 sine
499 1343 567 1410 ulla
587 1341 802 1408 mieerieordia
822 1344 1030 1408 insectantem
1051 1364 1110 1408 neo
1124 1341 1191 1408 ullo
1214 1363 1361 1428 generes
1382 1344 1487 1410 furore

181 1449 364 1510 domantem.
398 1443 442 1508 Et
467 1443 543 1528 quid
564 1441 656 1527 plura
677 1441 799 1508 dinam?
835 1441 1109 1527 Comprehendere
1135 1465 1207 1508 eum
1234 1464 1328 1526 quem
1356 1442 1488 1509 insecta·

135 1550 165 1604 10
180 1543 284 1624 batur,
314 1565 387 1610 oum
408 1541 463 1608 ille
483 1565 595 1608 manus
616 1541 775 1627 supplioes
796 1545 939 1608 tenderet
965 1545 997 1608 et
1021 1564 1079 1608 sue
1109 1563 1189 1626 quae
1215 1542 1352 1608 habebat
1381 1543 1488 1608 omnia

180 1641 307 1708 offerret
328 1663 365 1708 ao
384 1643 470 1708 uitae
491 1643 589 1710 solius
611 1643 736 1708 ueniam
757 1646 910 1726 posuerat,
935 1640 1024 1710 nullo
1045 1643 1139 1706 modo
1160 1641 1365 1708 miserabatur
1385 1663 1487 1726 neque

179 1765 212 1808 ee
233 1743 266 1808 in
287 1741 375 1808 illius
395 1742 619 1808 reeordabatur
639 1741 787 1826 imagine,
808 1743 864 1808 sed
885 1745 1049 1826 tamquam
1064 1741 1131 1808 fera
1150 1741 1252 1808 bestia
1266 1741 1311 1806 ita
1331 1741 1488 1827 urguebat

179 1843 347 1920 hominem,
377 1841 465 1907 nulls
495 1841 710 1906 similitudinis
738 1863 812 1906 suae
838 1840 870 1906 in
897 1863 934 1906 eo
960 1841 1161 1906 miseratione
1183 1845 1367 1908 commotus
1404 1839 1487 1918 Quid

179 1941 291 2026 plura?
312 1939 362 2007 lta
376 1940 508 2007 abstulit
521 1942 621 2007 uitam
636 1941 732 2007 simul
746 1962 783 2006 se
799 1944 956 2026 praedam,
977 1944 1014 2006 ut
1029 1962 1069 2006 ne
1083 1941 1180 2006 humo
1199 1941 1328 2024 quidem
1347 1941 1486 2024 eorporis

133 2051 162 2106 15
179 2043 265 2126 quod
295 2043 470 2106 nudauerat
498 2063 645 2125 supreme
673 2042 846 2106 mandaret.
879 2040 958 2106 Post
987 2042 1065 2106 haee
1095 2061 1219 2106 rursum
1246 2039 1339 2106 uideo
1365 2039 1486 2107 adoles·

179 2147 301 2206 centem
332 2143 489 2224 quendam
518 2141 610 2206 uxori
637 2139 758 2206 eliense
793 2139 986 2206 alludentem
1022 2143 1054 2206 et
1088 2137 1216 2204 alterius
1251 2139 1485 2205 matrimonium

179 2239 298 2306 uiolare
328 2238 515 2323 cupientem,
542 2239 631 2304 utine
659 2239 856 2323 permitteret
883 2239 1031 2306 meritum
1066 2259 1176 2304 uerum
1211 2239 1280 2306 fieri
1314 2237 1485 2306 liberorum

177 2345 308 2423 patrem.
343 2337 392 2404 Ex
414 2359 478 2422 quo
493 2339 588 2404 etiam
606 2339 777 2424 tragoediis
795 2339 962 2424 gentilium
977 2339 1072 2404 fidem
1085 2341 1324 2408 accommodare
1339 2339 1483 2424 eogebsr,

179 2443 212 2504 et
231 2437 419 2504 uidebantur
439 2438 518 2504 mihi
537 2461 614 2504 uera
635 2461 702 2504 esse
724 2460 805 2522 quae
826 2439 943 2522 scripta
967 2441 1041 2504 sunt
1060 2437 1112 2504 uel
1133 2441 1172 2504 de
1191 2437 1344 2505 Oenomai
1364 2439 1484 2522 eupidi-

132 2545 163 2600 20
179 2543 244 2603 tate
265 2537 317 2602 uel
339 2539 378 2602 de
399 2537 578 2621 parricidali
599 2539 732 2604 fratmm
751 2539 920 2606 certamine
942 2537 994 2604 uel
1020 2543 1143 2604 caetera
1164 2559 1245 2621 quse
1266 2537 1484 2604 huiuseemodi

180 2637 358 2704 referuntur
370 2637 404 2702 in
423 2637 547 2703 fabulis.
584 2636 664 2704 (ium
679 2657 754 2722 ergo
774 2643 863 2703 tenta
877 2639 955 2704 haee
976 2661 1014 2704 ao
1027 2637 1102 2704 talia
1124 2637 1191 2721 geri
1212 2637 1371 2716 uidissem,
1393 2638 1482 2720 coepi

267 4389 281 4444 ἵ
301 4387 367 4445 Ced.
385 4389 538 4460 figientem‚
560 4389 612 4446 mit
632 4409 679 4444 »u«
699 4389 767 4445 dber
786 4391 826 4444 »f«
847 4392 852 4459 Ι
873 4392 911 4447 12
931 4391 997 4448 Cod.
1014 4389 1171 4460 imaginem.
1203 4387 1288 4442 llatln
1306 4383 1337 4444 ἐν
1354 4383 1452 4461 ἐκείνῳ
1475 4389 1479 4455 l

182 4473 225 4528 lt
236 4473 303 4528 Wae
325 4473 364 4528 im
384 4492 424 4544 gr.
441 4491 504 4530 rom
528 4477 679 4530 θυεστεῖον
701 4477 815 4531 δεῖπνον
838 4475 1015 4546 gesohrieben
1037 4475 1123 4539 steht,
1152 4473 1202 4528 hat
1218 4471 1279 4526 Rus.
1299 4471 1479 4542 ausgelaeeen.

180 4556 327 4614 vielleieht
352 4559 408 4629 gab
430 4557 500 4614 darn
522 4557 727 4628 Veranleesung
753 4557 815 4613 dass
842 4559 871 4614 in
895 4559 983 4615 eeiner
1002 4557 1123 4628 Vorlage
1145 4555 1194 4612 der
1214 4556 1244 4610 T.
1262 4557 1348 4610 sehon
1370 4561 1481 4627 corrupt

180 4659 242 4698 erar.
260 4643 328 4697 -Β
352 4644 357 4711 Ι
383 4643 419 4699 21
439 4642 549 4713 fabulis]
568 4643 634 4698 Cod.
652 4643 762 4698 talibus.
