3744 5524
356 463 394 525 72
911 452 1100 509 Adamantius.
1254 452 1294 508 De
1311 452 1341 506 1ο
1357 450 1414 508 Rue
1431 452 1458 506 11
1475 453 1660 510 8250-8262

356 613 484 700 πόσας
515 616 585 701 τὰς
615 613 759 708 ἡμέρας
790 623 861 707 της
892 623 995 707 ζωῆς
1025 639 1106 690 σου·
1137 613 1319 698 ἀκάνθας
1349 621 1413 687 καὶ
1443 611 1660 702 τριβόλους

357 715 545 790 ἅνατελει
564 724 704 789 σοικαὶ
720 713 825 806 φόγη
847 715 920 789 τὸν
940 712 1090 805 χόρτον
1111 723 1184 788 τοῦ
1206 712 1339 805 ἀγροῦ·
1363 721 1404 785 ἐν
1424 717 1565 802 ἱδρῶτι
1588 721 1660 786 τοῦ

320 816 577 906 ᾶπροσώαου
604 839 672 888 σου
700 813 804 905 φᾶγη
828 815 898 888 τὸν
925 814 1051 905 ἄρτον
1077 839 1160 900 σου,
1191 819 1263 897 ἔως
1286 806 1331 886 οῦ
1354 810 1595 902 ἀποστρέφου
1619 839 1661 886 σε

357 919 411 1000 εἰς
433 916 506 1006 τὴν
526 922 598 1005 γῆν
618 921 658 1002 ἐξ
683 907 730 1004 ἧς
756 913 949 1006 ἐλήφθης,
979 909 1043 986 ὅτι
1065 922 1110 1007 γῆ
1133 918 1170 988 εἱ
1193 921 1259 986 καὶ
1285 919 1341 998 εἰς
1362 919 1434 1004 γῆν
1454 910 1659 1000 ἆαελεῦση.

323 1009 442 1107 σαῦτη
464 1011 485 1106 ἦ
507 1011 676 1104 ἀπόφασις
696 1021 859 1103 καταδίκη
881 1019 989 1105 ψυχῆς
1010 1021 1102 1088 ἐστιν
1123 1011 1145 1105 ἢ
1167 1015 1339 1105 σώματος·

440 1123 562 1186 ΕῙΤΡ.
596 1109 639 1183 ‘H
653 1111 824 1202 ἀπόφασις
846 1113 1003 1203 σώματος
1017 1120 1203 1204 καταδίκην
1224 1117 1378 1202 ἐμφαίνει
1398 1121 1454 1184 καὶ
1477 1109 1518 1185 οῦ
1542 1120 1659 1202 ψυχῆς,

358 1211 477 1303 φάσκει
499 1210 573 1304 γάρ·
606 1215 678 1296 ἕως
701 1206 746 1286 οῦ
773 1210 1044 1303 ἀποστρέφεις
1065 1218 1119 1298 εἰς
1141 1213 1216 1304 τὴν
1238 1219 1310 1304 γῆν
1330 1217 1371 1300 ἐξ
1396 1205 1443 1301 ἧς
1464 1211 1659 1304 ἐλήφθης,

359 1311 423 1386 ὅτι
445 1321 491 1405 γῆ
513 1316 631 1390 εἶκαὶ
653 1319 709 1398 εἰς
730 1319 803 1404 γῆν
823 1310 1027 1400 ἅπελεῦση.

442 1420 509 1483 ΑΔ.
537 1408 576 1482 Ὅ
599 1408 618 1484 δ
640 1413 841 1502 δημιουργὸς
857 1419 1061 1498 κατεδίκασε,
1085 1419 1199 1498 τοῦτο,
1223 1419 1335 1502 φησίν,
1357 1409 1377 1484 δ
1399 1409 1529 1502 ἀγαθὸς
1550 1415 1660 1484 ἔσωσε.

308 1524 341 1579 10
441 1520 542 1582 ΜΕΙῖ
584 1511 747 1603 Κατᾶραν
768 1511 861 1602 αὐτῷ
885 1514 999 1597 ἔδωκε,
1021 1520 1096 1594 πῶς
1118 1505 1180 1584 οὖν
1201 1509 1243 1582 οῦ
1262 1519 1495 1596 κατεδίκασευ;

442 1618 508 1682 ΑΔ.
554 1609 601 1682 Οὐ
623 1613 686 1684 τὸν
712 1611 904 1701 ἄνθρωπον
928 1609 1159 1702 κατηράσατο,
1187 1609 1273 1684 ἀλλὰ
1295 1611 1360 1700 τὴν
1382 1618 1458 1701 γῆν·
1489 1617 1577 1700 λέγει
1598 1609 1660 1699 γὰρ

360 1707 485 1794 οῦτιυς·
507 1709 808 1800 ἐπικατᾶρατος
829 1708 850 1801 ἡ
872 1717 917 1801 γῆ
940 1715 981 1782 ἔν
1003 1729 1088 1795 τοις
1111 1714 1242 1800 ἔργοις
1264 1735 1342 1785 σου.

444 1819 545 1882 ΜΙδΙῖ
585 1807 618 1880 ‘0
640 1804 701 1882 οὖν
723 1810 910 1901 ἄνθρωπος
932 1807 994 1882 οῦκ
1016 1815 1107 1883 ἔστιν
1129 1815 1166 1882 ἐκ
1187 1818 1248 1901 τῆς
1270 1817 1345 1901 γῆς;

443 1917 564 1982 ΕΥΤΡ.
600 1917 719 2000 Μικρῷ
741 1908 894 1999 πρόσθεν
915 1913 1057 1997 ἔφασκες
1079 1909 1143 2000 τὴν
1163 1909 1275 2000 ψυχὴν
1289 1915 1388 1999 μέρος
1408 1915 1464 1979 καὶ
1486 1907 1660 1998 ἐμφύσημα

329 2009 446 2079 θεῖναι
468 2015 531 2080 τοῦ
552 2015 766 2100 δημιουργοῦ·
797 2017 859 2081 νῦν
882 2001 958 2094 οῦν,
986 2005 1033 2092 οός
1055 2013 1260 2098 ἐπιλησθείς,
1288 2013 1324 2079 ἔκ
1346 2015 1406 2099 γῆς
1427 2004 1534 2078 αῦτόν
1557 2014 1661 2095 λέγεις

362 2115 532 2195 εἰλ”φθαι.

412 2138 512 2278 ηΑΔ.
552 2208 618 2299 Τὴν
639 2201 701 2282 οὖν
721 2209 766 2300 μὴ
788 2215 1093 2281 καταδικασθεῑσαν
1113 2199 1200 2296 ἦλθε
1221 2208 1335 2297 ψυχὴν
1350 2215 1455 2280 σῶσαι
1477 2203 1496 2279 ό
1518 2202 1663 2296 ἀγαθός·

446 2314 566 2378 ΕΓΤΡ.
609 2313 650 2380 Εἰ
676 2301 738 2382 οῦν
762 2312 1043 2381 καταδεδίκασται
1068 2314 1128 2396 μὲν
1155 2306 1195 2379 τό
1223 2317 1320 2395 σῶμα
1346 2306 1386 2379 οῦ
1408 2313 1512 2380 τοῦτο
1536 2313 1574 2378 δέ
1592 2311 1662 2378 ἐστι

362 2403 437 2480 κατ’
459 2404 584 2492 αῦτούς
607 2406 647 2480 τὸ
670 2407 878 2498 σωζόμενον,
906 2404 992 2480 ἀλλὰ
1019 2405 1059 2479 τὸ
1082 2413 1146 2478 τοῦ
1165 2403 1456 2490 καταδικάσαντος
1479 2404 1662 2497 ἐμφύσημα,

312 2524 346 2578 20
363 2501 447 2596 ῦαερ
469 2511 571 2592 ἐστίν,
599 2503 647 2591 οῦς
669 2514 830 2597 λέγουσιν,
857 2505 1003 2598 ἡφυγη,
1032 2511 1138 2596 δῆλον
1161 2500 1215 2578 ότι
1238 2505 1278 2577 τὸ
1300 2513 1361 2596 μὲν
1382 2509 1419 2577 ἐκ
1439 2513 1524 2578 θεοῦ
1546 2501 1587 2578 όν
1608 2514 1664 2578 καὶ

362 2612 493 2679 ἐκείνου
520 2601 560 2678 όν
585 2613 685 2697 μέρος
711 2610 828 2694 ἔσωσε,
857 2613 906 2696 τῷ
929 2611 966 2678 δὲ
991 2613 1289 2690 καταδικασθέντι,
1315 2611 1353 2676 ἐκ
1374 2613 1434 2695 γῆς
1456 2599 1540 2690 ὄντι,
1566 2603 1664 2679 οῦδὲν

362 2703 535 2797 ἐβοήθησε.

446 2814 522 2876 MK.
569 2811 679 2876 Ταῦτα
699 2812 761 2896 μὲν
781 2805 867 2894 πρὸς
890 2813 1059 2895 Μεγέθιον
1079 2811 1194 2888 καλῶς
1214 2810 1307 2876 δοκεῖ
1326 2811 1494 2893 λελέχθαι,
1520 2804 1608 2894 πρὸς
1630 2811 1664 2876 δὲ

363 2903 404 2976 τὸ
427 2901 589 2994 ἡμέτερον
607 2903 713 2995 δόγμα
726 2902 974 2988 ἀναπόδεικτος
995 2899 1140 2993 δλόγος.
1179 2901 1269 2993 ἡμεῖς
1292 2903 1355 2993 γὰρ
1377 2901 1455 2977 οῦδὲ
1469 2913 1565 2994 σῶμα
1587 2900 1665 2977 οῦδὲ

312 3022 345 3076 25
362 3004 473 3094 ψυχὴν
495 3010 647 3094 λέγομεν,
675 3001 761 3077 ἀλλὰ
784 3003 825 3076 τό
847 3012 992 3093 πνεῦμα,
1017 3005 1138 3088 καθώς
1160 3011 1246 3093 λέγει
1268 2998 1287 3074 ό
1310 3001 1515 3087 ἀπόστολος·
1546 3009 1666 3092 παρέ-

363 3109 470 3176 δωκα
493 3102 563 3175 τὸν
586 3109 780 3176 τοιοῦτον
800 3107 854 3188 εἰς
876 3097 1050 3193 ὄλεθρον
1074 3109 1146 3192 τῆς
1168 3101 1330 3193 σαρκός,
1361 3108 1425 3175 ἵνα
1446 3102 1492 3174 τὸ
1514 3110 1665 3191 πνεῦμα

362 3211 483 3292 σωθῇ

334 3319 347 3372 f
445 3309 511 3374 ΑΔ.
558 3301 601 3374 Τὸ
622 3308 751 3390 πνεῦμα
773 3309 836 3374 τοῦ
858 3309 1061 3392 δημιουργοῦ
1083 3305 1183 3388 ἔστιν,
1212 3296 1347 3390 ὃέσχεν
1369 3297 1389 3374 δ
1412 3295 1665 3391 ἄνθρωπος,ἢ

361 3407 425 3473 τοῦ
447 3398 593 3490 ἇγαθοῦ;

311 3521 344 3576 30
444 3509 521 3572 ΜΚ.
567 3507 631 3573 Τοῦ
652 3497 793 3589 ἀγαθοῦ.

444 3606 511 3671 ΑΔ.
557 3597 688 3672 Οὐκοῦν
708 3607 834 3683 κοινῶς
855 3598 1028 3689 γενόμενοι
1052 3595 1070 3672 ό
1098 3601 1299 3690 δημιουργὸς
1320 3608 1375 3672 καὶ
1398 3595 1417 3672 ό
1441 3598 1570 3689 ἀγαθὸς
1592 3603 1665 3688 ἐδη-

361 3698 567 3790 μιοῦργησαν
588 3699 652 3772 τὸν
675 3698 875 3788 ἄνθρωπον.

446 3808 521 3870 MK.
563 3806 658 3884 Πῶς

292 3925 342 3982 826
445 3906 512 3969 ΑΔ.
550 3893 654 3990 Ἐφης
679 3898 745 3988 τὴν
772 3898 884 3989 ψυχὴν
910 3906 974 3971 τοῦ
1001 3904 1203 3988 δημιουργοῦ
1228 3904 1284 3971 καὶ
1313 3895 1355 3970 τδ
1386 3905 1497 3989 σῶμα,
1530 3899 1571 3972 τὸ
1600 3901 1662 3986 dm

311 4020 344 4075 35
361 4004 492 4089 πνεῦμα
514 4005 578 4072 τοῦ
599 3996 740 4088 ἆγαθοῦ,
762 3995 784 4088 ἢ
807 3995 868 4088 οῦχ
890 3996 1018 4083 οῦτως;

445 4107 519 4169 ΜΚ.
560 4095 592 4168 ‘0
614 4097 826 4188 δημιουργός,
854 4092 912 4170 ὅτε
935 4103 1056 4170 ἔπλασε
1084 4097 1147 4170 τὸν
1174 4097 1441 4186 ἄνθρωπονκαὶ
1463 4095 1665 4185 ἔνεφῦοηοεν

446 4287 568 4357 ιιι-ει]
588 4285 673 4342 ιοοι.
686 4291 714 4342 5:
728 4289 752 4342 ε.

446 4451 464 4506 2
484 4459 534 4506 τοῦ
547 4449 646 4523 ἀγροῦ]
659 4459 710 4506 τοῦ
724 4448 837 4522 ἀγαθοῦ
850 4451 872 4504 Ε
885 4451 989 4504 Humfr.
1006 4453 1009 4518 λ
1027 4453 1062 4506 15
1074 4447 1235 4519 ἐπιλησθεῐς
1246 4451 1374 4517 ACDFG,
1387 4449 1533 4517 ἐπιλαθελς
1546 4451 1571 4506 δ.
1585 4451 1644 4507 [ibt.
1659 4449 1664 4517 Ι

361 4533 449 4592 αἰτόν
467 4535 492 4590 d.
505 4537 531 4590 h.
544 4536 595 4590 τὸν
613 4531 779 4608 ἄνθρωπον.
809 4534 1032 4589 Beachtenswert
1046 4535 1148 4602 jedoch
1165 4535 1202 4590 ist
1219 4535 1263 4590 die
1275 4537 1430 4606 Konjektur
1447 4555 1493 4592 am
1504 4534 1600 4590 Raude
1617 4534 1666 4588 der

361 4621 412 4675 HS.
431 4620 463 4686 C,
486 4619 558 4691 τάχα
577 4617 664 4688 αι’την
684 4622 688 4688 Ι
710 4621 747 4676 16
764 4618 902 4688 λέληφθαι
920 4620 1002 4673 A¹BC
1023 4622 1026 4686 λ
1046 4619 1082 4674 20
1099 4621 1230 4688 δηλονότι
1247 4620 1273 4676 d.
1291 4621 1361 4677 HSS.
1378 4625 1382 4690 1
1399 4621 1437 4679 85
1457 4615 1531 4677 οῦτοι
1550 4619 1575 4672 d.
1595 4617 1665 4674 HSS.
