3708 5528
889 1556 1018 1639 Εεείοε
1044 1555 1164 1640 11ο11.

305 1748 356 1854 3¹33
456 1763 765 1829 ΑΔΑΜΛΝΤῙΟΣ.
811 1760 849 1828 Ol
880 1758 944 1830 τὸν
975 1754 1152 1845 φιλαλήθη
1183 1765 1240 1827 καὶ
1267 1752 1518 1842 φιλάνθρωπον
1547 1749 1679 1840 τρόπον

373 1857 645 1950 μεταδιώκοντες
665 1862 721 1928 καί
743 1854 808 1945 τὴν
830 1863 931 1928 τοῦδε
953 1862 1017 1928 τοῦ
1039 1853 1169 1944 κόσμου
1191 1861 1306 1928 δίοδον
1328 1847 1365 1926 εῦ
1383 1851 1473 1944 μάλα
1495 1860 1592 1939 βιοῦν
1607 1858 1680 1925 ἐδέ-

375 1973 504 2042 λοντες,
527 1961 580 2029 ἐπὶ
604 1956 668 2045 τὴν
690 1951 888 2045 ἀξιέραστον
909 1963 965 2027 καὶ
988 1952 1190 2044 άξιάγαστον
1212 1962 1327 2026 πίστιν
1350 1953 1414 2043 τὴν
1435 1961 1482 2037 είς
1497 1952 1582 2027 θεὸν
1596 1950 1680 2040 άφο-

306 2085 357 2141 804
374 2065 518 2148 ρῶντες,
549 2061 719 2145 ἐγκρατεῖς
753 2061 814 2144 τῆς
849 2052 1026 2144 ἀμείνονος
1051 2063 1107 2126 καί
1138 2051 1356 2143 τελειοτάτης
1388 2050 1486 2144 δόξης
1514 2063 1680 2144 γίνονται,

338 2154 582 2235 οτοῦναντίον
612 2160 648 2226 δὲ
678 2159 710 2226 οί
742 2151 880 2244 ἀστάτω
906 2155 1025 2245 γνώμη
1055 2162 1111 2227 καὶ
1131 2161 1297 2243 περιέργῳ
1319 2152 1443 2242 γνώσει
1463 2162 1520 2225 καὶ
1542 2150 1680 2243 ἀνοήτῳ

373 2263 522 2348 λογισμοῦ
553 2251 692 2341 ἀδοξίαν
723 2250 800 2326 ἀντὶ
831 2251 931 2342 δόξης
960 2262 1033 2345 θεῷ
1066 2262 1270 2344 προῖέμενοι.
1317 2247 1401 2324 ὅθεν
1430 2282 1488 2344 μοι
1519 2257 1612 2326 δοκεῖ
1639 2249 1681 2324 οῦ

372 2362 493 2448 μικρὸν
522 2359 682 2427 κίνδυνον
721 2355 806 2425 εἶναι
840 2353 904 2425 τόν
939 2360 1000 2443 τῆς
1030 2359 1240 2440 ἐπισφαλοῦς
1271 2359 1327 2425 καί
1354 2351 1484 2443 φαύλης
1515 2359 1561 2436 είς
1595 2350 1681 2424 θεὸν

371 2465 531 2538 πίστεως·
560 2450 657 2539 βάσιν
687 2452 750 2542 γὰρ
781 2455 873 2542 οἶμαι
902 2462 959 2526 καί
990 2456 1160 2544 ἑδραίωμα
1186 2453 1272 2526 είναι
1298 2461 1419 2525 πασῶν
1445 2459 1521 2525 τῶν
1548 2449 1681 2540 ἀρετῶν

373 2556 439 2647 τὴν
468 2550 679 2644 ἁρμόζουσαν
710 2559 781 2642 θεῷ
814 2552 916 2640 δόξαν
947 2582 984 2624 τε
1014 2560 1070 2625 καί
1097 2561 1225 2626 πίστιν·
1257 2547 1351 2638 ὅθεν,
1379 2558 1408 2624 εἲ
1428 2576 1481 2624 σοι
1504 2559 1603 2638 δοκεῖ,
1626 2548 1682 2640 ἀρ-

322 2683 355 2738 10
370 2657 512 2746 γινόμεθα
534 2659 598 2725 τοῦ
619 2651 731 2740 λόγου.

457 2777 700 2842 ΜΕΓΕΘΙΟΣ.
741 2770 931 2856 Προλαβών
960 2763 979 2840 δ
1002 2766 1147 2857 ἀδελφός
1168 2765 1386 2859 Ἀδαμάντιος
1406 2767 1471 2842 τόν
1494 2765 1579 2857 ῦπέρ
1601 2773 1682 2858 ἐμοῦ

372 2868 479 2960 λόγον
518 2868 713 2959 ἐποιήσατο·
748 2873 885 2959 οίδαμεν
922 2868 986 2959 γὰρ
1020 2877 1077 2940 καί
1113 2865 1203 2959 ἡμεῖς
1239 2863 1294 2942 ὅτι
1330 2865 1350 2958 ἦ
1388 2875 1500 2952 πίστις
1534 2866 1681 2941 πάντων

336 2977 523 3061 οδιαφὲρει
560 2979 617 3042 καί
656 2965 676 3060 ἦ
725 2964 814 3058 ὀρθὴ
853 2973 899 3050 είς
938 2966 1022 3039 θεὸν
1064 2967 1153 3054 δόξα.
1205 2969 1269 3060 χρὴ
1308 2961 1372 3041 οῦν
1416 2968 1480 3040 τὸν
1519 2967 1682 3057 δικαστὴν

373 3069 610 3144 ἐπακούσαντα
646 3067 851 3168 ἀμφοτέρων
888 3063 1067 3158 δοκιμάσαι
1103 3073 1139 3140 ἐν
1176 3077 1245 3142 τίνι
1281 3074 1373 3140 ἐστὶν
1409 3065 1429 3156 ἦ
1464 3065 1598 3159 ἀληθὴς
1628 3074 1683 3139 καί

323 3188 355 3240 15
373 3177 485 3242 δικαία
520 3175 632 3250 πίστις
666 3201 680 3228 ι
700 3201 714 3228 ι
734 3200 748 3227 ι
768 3200 791 3235 ι.
845 3172 943 3250 δείξω
989 3166 1053 3256 γὰρ
1094 3161 1148 3241 ὅτι
1182 3175 1316 3259 μᾶλλον
1352 3179 1581 3259 βλασφημεῖτε
1620 3165 1684 3264 τὸν

372 3269 458 3343 θεὸν
487 3265 573 3358 ἢπερ
607 3265 775 3354 δοξάζετε,
810 3273 867 3336 καὶ
897 3264 959 3338 τὸν
994 3272 1055 3354 μὲν
1086 3264 1257 3358 ἀληθινὸν
1286 3266 1386 3352 θεόν,
1423 3261 1508 3341 ὄντα
1539 3265 1682 3357 ἀγαθόν,

373 3377 548 3459 γνωρίζειν
582 3363 623 3438 οῦ
655 3373 788 3450 θέλετε,
829 3365 947 3454 ἕτερον
985 3372 1020 3436 δὲ
1055 3363 1133 3439 ἀντὶ
1167 3374 1231 3440 τοῦ
1260 3365 1393 3458 ἀγαθοῦ
1424 3365 1578 3456 δοξάζειν
1607 3365 1683 3452 aas»

374 3479 487 3589 266&ss
529 3473 690 3556 λέγοντος
725 3471 788 3536 τοῦ
825 3471 991 3554 Χριστοῦ·
1036 3463 1168 3551 οῦδεὶς
1209 3465 1361 3558 ἀγαθὸς
1397 3473 1430 3539 εί
1464 3466 1513 3559 μὴ
1555 3467 1624 3552 είς,
1664 3460 1683 3536 ό

366 3596 516 3659 ,πατηρ

322 3699 369 3754 211
457 3689 718 3754 ΕῩΤΡΟΠΙΟΣ.
760 3677 962 3772 Ἀμφότεροι
984 3686 1136 3770 αίρεῖσθί
1154 3711 1194 3774 με
1216 3681 1394 3774 δικαοτὴν;

457 3806 524 3871 ΑΔ.
565 3797 772 3889 Ἀμφότεροι.

457 3925 520 3987 ΕῩ
521 3924 578 3987 ΤΡ.
620 3912 792 4006 Ἐμμίνετε
814 3923 857 4005 τῇ
879 3919 940 4005 ἐμῇ
962 3923 1085 4005 κρίσεις

457 4041 560 4105 ΜΕΓ.
601 4028 748 4124 Ἐμμένω
769 4039 825 4104 καὶ
845 4039 970 4121 στοιχιῦ
994 4051 1068 4116 ταῖς
1091 4054 1163 4117 σαῖς
1184 4029 1403 4121 άποφάσεσιν.

461 4221 548 4289 leno
567 4221 620 4277 Mc.
633 4223 673 4288 10,
688 4223 733 4286 18;
751 4221 905 4288 L0.18,19.

460 4387 546 4447 ’ίτδν
563 4388 647 4454 ΑΕΗ,
668 4395 726 4444 τῶν
747 4388 773 4442 d.
794 4389 853 4443 iibr.
874 4389 945 4444 HSS.
961 4389 965 4457 Ι
982 4388 1001 4443 9
1020 4383 1189 4461 ἀρχώμεθα]
1211 4385 1346 4460 ἐχώμεθα
1366 4390 1392 4448 d.
1413 4389 1485 4445 HSS.
1506 4409 1533 4445 u.
1554 4393 1656 4460 Ausgg.
1678 4391 1682 4458 Ι

374 4476 413 4532 18
431 4473 535 4550 ἣδρθη
553 4475 658 4541 ΑΒἙἩ,
677 4473 693 4542 ἡ
712 4483 745 4532 <
763 4472 789 4529 d.
807 4473 866 4528 σοι.
882 4475 886 4542 1
903 4474 941 4529 15
960 4471 1101 4528 Zwisohen
1119 4474 1210 4539 πίστις
1227 4475 1283 4529 und
1301 4476 1382 4541 δείξω
1399 4475 1461 4528 sind
1472 4474 1571 4530 Worte
1588 4490 1685 4543 ausge-

373 4561 471 4626 fallen‚
493 4561 539 4616 dja
560 4561 614 4615 don
635 4560 684 4614 lah
702 4560 746 4611 Αδ
768 4559 839 4626 φωτί
853 4589 887 4598 -
899 4558 1067 4628 Eutropium
1085 4561 1279 4629 entsprachen‚
1304 4559 1357 4614 wie
1374 4559 1419 4614 die
1436 4559 1524 4630 Frage
1541 4560 1589 4615 des
1607 4558 1683 4614 Eutr.

371 4641 540 4719 Ἀμφδτεροι
559 4641 687 4717 αίρεῖσθέ
703 4661 740 4713 με
758 4644 906 4712 δικαστήνς
925 4643 1006 4714 τείςί.
