3708 5498
257 423 365 496 Csspori
383 425 407 478 11
427 441 450 478 e
469 427 509 480 14.
529 427 568 480 15.
858 423 967 494 Dialog-
1525 431 1563 494 87

255 595 375 674 dieunt,
401 593 547 676 ipseper
571 613 604 656 se
626 591 826 676 euangelium
851 591 976 657 scribet.
1020 590 1097 669 Quis
1118 591 1269 674 suscipiet
1289 613 1365 656 uere
1386 613 1454 657 esse
1480 613 1560 676 quse

253 691 373 776 epereri
386 691 542 772 iubentur,
556 691 616 757 nisi
632 691 797 756 manifeste
812 694 983 774 eognoscat
995 689 1175 774 pollicentis
1185 691 1423 757 auctoritatem?
1438 691 1560 756 Deinde

254 793 414 876 quomodo
436 790 514 856 dieii
534 789 694 856 Christum
715 789 876 874 scripsisse
898 789 1119 874 euangelium?
1154 787 1229 856 Non
1252 789 1335 856 enim
1354 795 1505 874 tanquam
1525 792 1563 855 de

252 913 285 956 se
307 891 448 956 scribens
469 887 612 974 loquitur
632 890 769 974 scriptor
789 889 955 974 euangelii,
976 891 1032 954 sed
1053 893 1205 973 tanquam
1227 889 1323 954 elium
1347 891 1452 974 siqui
1476 895 1563 955 extre

221 997 285 1056 sse
317 989 359 1054 sii
390 987 574 1073 praedicam
594 986 762 1054 Chrisium.
805 987 868 1054 Sed
897 1011 956 1054 neo
977 989 1037 1054 hoe
1059 989 1187 1072 quidem
1210 989 1243 1054 in
1265 989 1430 1074 euangelio
1453 1011 1562 1056 eorum

252 1089 405 1173 seriptum
424 1089 557 1154 refertur
575 1109 709 1172 usquein
732 1091 818 1172 quod
837 1089 904 1172 ipse
923 1089 1064 1154 seloeior
1082 1088 1225 1152 doouerii
1244 1087 1382 1172 eliquem
1401 1093 1433 1152 ei
1452 1085 1564 1152 dixerit

253 1190 327 1272 quie
348 1187 420 1273 Ego
443 1209 513 1252 sum
535 1185 679 1252 christus
700 1189 885 1272 peregrinus
907 1193 938 1253 et
960 1187 1096 1273 ignotus.

336 1407 361 1450 e
383 1385 459 1456 XV.
502 1389 593 1450 dioro.
614 1390 654 1450 d:
683 1385 890 1452 deebriatus
913 1384 1095 1466 eiPeulus‚
1126 1387 1154 1452 ei
1176 1392 1281 1454 essent
1302 1409 1321 1450 e
1342 1388 1401 1450 deo
1424 1387 1562 1451 ereeiore

252 1485 350 1562 missi,
370 1505 531 1569 nunquam
553 1486 664 1568 utique
686 1485 789 1570 legem
811 1491 842 1550 ei
863 1487 1033 1570 prophetes
1056 1486 1289 1552 destruxissent

205 1600 236 1650 10
336 1589 391 1648 ,sd
412 1589 451 1650 d:
479 1583 646 1660 Quomodo
672 1583 814 1650 Christus
836 1583 934 1651 soluit
953 1585 1057 1670 legem
1080 1583 1132 1650 uel
1156 1583 1339 1669 spostolus?
1365 1585 1460 1662 dicet,
1485 1604 1562 1667 quo·

331 4589 434 4646 deod
453 4591 599 4646 refertum
617 4607 708 4660 quem.
