3708 5528
361 451 401 512 24
897 445 1087 502 Adamantius.
1265 448 1305 502 De
1323 448 1351 502 1ο
1367 446 1426 504 Rue
1443 448 1455 502 Ι
1472 447 1665 504 811δ-812ί).

328 634 343 672 e
360 603 467 680 αὐτοῦ
487 614 584 680 θεοῦ·
606 601 698 698 ὅμως
717 615 752 680 δὲ
768 615 916 699 δείκνυμι
929 606 974 698 μή
996 609 1080 680 εἰναι
1093 614 1253 682 ἐναντίον
1267 616 1373 682 τοῦτο
1395 605 1484 682 ἀλλὰ
1499 609 1664 699 διαφοράς

360 706 576 800 πραγμάτων.
619 712 652 779 οί
678 714 738 798 μὲν
769 708 832 798 γὰρ
859 703 917 796 ἀφ’
943 705 1151 800 Ἰερουσαλήμ
1179 705 1246 780 ἀπὸ
1274 716 1426 797 Χριστοῦ
1454 707 1663 799 πεμπόμενοι

361 805 497 898 εἰρήνην
523 804 799 897 εὐαγγελίσασθαι
829 805 1093 881 ἀπεστέλλοντο·
1124 813 1156 881 οἰ
1187 815 1223 881 δέ
1252 813 1288 896 ἐξ
1317 807 1496 897 Αἰγύπτου
1524 817 1661 900 πολέμῳ

360 907 547 980 ἐδιώκοντο
574 905 640 980 ἀπὸ
663 915 737 978 τῶν
758 913 854 980 ἰδίων
877 911 966 995 [Χάμ
992 911 1054 998 γάρ
1077 923 1160 988 παῖς
1186 916 1324 994 οἰκέτης
1349 916 1444 978 ἔσται
1470 923 1543 990 τοῖς
1565 913 1663 978 ἀδελ·

326 1020 442 1091 σφοῖς
463 1012 584 1092 αὐτοῦ,
614 1013 705 1094 φησὶν
725 1011 746 1092 ή
766 1016 864 1098 γραφὴ
885 1016 951 1097 περὶ
971 1019 1030 1077 τῶν
1051 1015 1125 1078 υίῶν
1148 1022 1199 1078 τοῦ
1223 1020 1305 1095 Νῶε,
1332 1013 1413 1096 Σήμ,
1442 1015 1524 1094 Χάμ,
1551 1011 1663 1093 ’Impia

363 1110 438 1192 Χάμ
461 1122 543 1188 παῖς
564 1115 702 1194 οἰκέτης
722 1116 816 1177 ἐσται
837 1123 881 1201 τῷ
907 1113 1047 1199 ἀδελφῷ
1069 1112 1189 1196 αὐτοῦ]
1217 1116 1370 1182 οἰκετῶν.
1414 1102 1561 1180 ἔδεισάν
1583 1110 1663 1194 τοὺς

360 1213 493 1292 οἰκέτας
518 1208 599 1290 τούς
627 1208 691 1281 τὸν
717 1205 866 1298 πόλεμον
892 1211 1133 1301 αἱρησομένους
1158 1207 1226 1282 ἀπὸ
1253 1216 1403 1298 πολέμου
1426 1203 1661 1299 ἀναλωθῆναι·

358 1315 414 1379 καί
436 1307 477 1379 τὸ
500 1306 692 1398 εὐαγγέλιον
713 1314 749 1380 δὲ
771 1309 840 1381 οίδε
859 1310 940 1393 τοὺς
960 1309 1084 1393 κακοὺς
1099 1305 1284 1397 ἀμύνεσθαι
1298 1318 1353 1381 καὶ
1369 1307 1533 1396 φονεύειν.
1569 1301 1661 1380 οὕτω

358 1406 421 1497 γὰρ
441 1412 530 1496 λέγει
551 1401 618 1481 ὅτι·
649 1403 732 1498 ἥξει
759 1404 779 1481 6
800 1407 940 1497 κύριος
961 1415 1033 1481 τοῦ
1053 1415 1176 1480 κακοῦ
1198 1407 1345 1480 δούλου
1367 1413 1409 1479 ἐν
1431 1403 1553 1499 ήμέρᾳ
1574 1401 1594 1496 6
1615 1404 1661 1479 06

309 1519 343 1574 10
358 1506 547 1596 γινώσκει
568 1515 632 1579 καὶ
655 1513 696 1580 ἐν
712 1506 794 1600 ὥρᾳ
815 1502 835 1598 6
859 1505 904 1581 οὐ
923 1515 1142 1601 προσδοκᾷ,
1164 1516 1231 1580 καὶ
1253 1505 1515 1597 διχοτομήσει
1536 1504 1660 1580 αὐτὸν

237 1685 240 1693 Δ
331 1613 423 1678 ἐκαὶ
451 1605 567 1696 θήσει
594 1604 638 1678 τὸ
669 1613 786 1696 μέρος
817 1605 939 1679 αὐτοῦ
967 1608 1066 1696 μετά
1097 1617 1180 1680 τῶν
1210 1605 1401 1694 ἀπίοτφν.
1443 1612 1513 1677 ἐστὶ
1543 1615 1662 1678 τοίνυν

359 1713 489 1777 δίκαιον
520 1706 600 1789 τοὺς
630 1714 864 1796 πολεμοῦντας
895 1705 1019 1791 ἀδίκως
1049 1704 1347 1796 ἀντιπολεμεισθαι
1377 1711 1521 1788 δικαίως.
1565 1699 1658 1778 οὕτω

359 1812 477 1876 τοίνυν
499 1810 630 1877 δίκαιον
652 1805 733 1889 τοὺς
759 1804 895 1896 εἰρήνην
917 1803 1230 1929 εάαγγελισαμένους
1254 1812 1327 1894 δίχα
1350 1797 1471 1876 ὅπλων
1495 1801 1659 1895 ευαγγελί-

359 1913 489 1976 σασθαι.
533 1903 646 1986 ἄλλως
673 1911 707 1975 δί
732 1912 788 1976 καὶ
808 1901 985 1988 Ἡσαΐας(
966 1935 985 1976 ο
1012 1904 1190 1996 προφήτης
1216 1908 1340 1993 ἔλεγεν·
1372 1900 1424 1988 οἰς
1451 1901 1594 1994 ἀραῖσι
1621 1909 1661 1978 οἰ

288 2019 340 2074 812
358 2000 477 2086 ποδες
502 2011 585 2076 τῶν
616 2000 996 2126 εὐαγγελιζομένων
1014 2012 1018 2094 1
1047 2004 1215 2096 εἰρήνην
1259 2007 1301 2094 ήν
1332 2009 1368 2074 δε
1397 2010 1453 2076 καὶ
1483 2005 1575 2094 παρὰ
1607 2009 1658 2094 τῷ

359 2101 521 2193 προφήτῃ
548 2099 874 2194 δεδοκιμασμένος(
855 2133 874 2174 ο
903 2103 1019 2192 καιρὸς
1049 2102 1133 2224 πήτε
1159 2105 1204 2176 τά
1230 2098 1319 2177 ὅπλα
1346 2110 1554 2195 συγκοπήναι
1584 2107 1659 2188 ἔδει,

360 2201 543 2293 φήσαντος·
575 2207 615 2273 ἐκ
641 2204 750 2274 Σιών
777 2202 1022 2290 ἐξελεύσεται
1048 2201 1183 2293 νόμος,
1216 2210 1280 2276 καί
1308 2199 1428 2292 λόγος
1453 2211 1596 2294 κυρίου
1620 2209 1659 2290 ἐξ

358 2297 603 2393 Ἰερουσαλήμ
633 2308 697 2373 καί
727 2323 855 2388 κρινεῖ
883 2300 956 2375 ἀνὰ
980 2313 1100 2394 μέσον
1127 2308 1261 2375 ἐθνῶν
1286 2311 1349 2372 καὶ
1381 2307 1529 2390 ἐλέγξει
1560 2300 1658 2375 λαὸν

359 2400 499 2487 πολύν,
530 2410 594 2474 καὶ
617 2399 862 2492 συγκόφουσι
884 2402 953 2486 τὰς
974 2412 1163 2494 μαχαίρας
1185 2399 1320 2474 αὐτῶν
1343 2409 1397 2486 εἰς
1420 2401 1573 2490 ἄροτρα
1593 2410 1657 2474 καὶ

307 2515 341 2570 20
358 2500 615 2588 τὰςξιβάνας
642 2499 774 2573 αὐτῶν
799 2505 854 2584 εἰς
880 2509 1067 2592 δρέπανα,
1101 2508 1165 2574 καὶ
1193 2499 1238 2574 06
1262 2501 1311 2592 μή
1339 2502 1512 2593 λήψεται
1535 2507 1657 2585 ἔθνος

357 2598 414 2672 ἐπ’
436 2604 556 2683 ἔθνος
577 2598 787 2689 μάχαιραν,
810 2609 874 2672 καὶ
897 2599 942 2674 ου’
961 2603 1010 2693 μὴ
1032 2600 1219 2693 μάθωσιν
1241 2603 1301 2673 ἐτι
1323 2615 1524 2692 πολεμεῖν.

440 2709 560 2771 ΕΥΤΡ.
597 2695 692 2790 Αὕτη
716 2697 777 2772 οὔκ
793 2704 883 2773 ἔστιν
897 2706 1092 2784 ἐναντίωσις
1114 2697 1220 2772 ὁπότε
1242 2707 1375 2790 ἐδείχθη
1398 2709 1453 2771 καί
1476 2698 1658 2790 ὁΧριστός

356 2799 438 2882 τούς
458 2801 582 2883 κακοὺς
606 2797 822 2891 ἀμυνόμενος,
845 2807 952 2888 λέγων
973 2807 1223 2891 διχοτομεισθαι
1239 2799 1302 2872 τὸν
1323 2807 1449 2872 δοῦλον
1465 2803 1528 2873 τὸν
1543 2797 1657 2873 κακόν.
1722 2889 1728 2901 ι

319 2920 338 2974 b
439 2908 541 2970 ΜΕΓ.
575 2897 608 2970 ‘0
628 2899 810 2990 προφήτης
832 2907 894 2971 τοῦ
916 2907 1000 2971 θεοῦ
1022 2908 1082 2990 τής
1103 2906 1273 2990 γενέσεως,
1295 2909 1448 2990 πολέμου
1469 2898 1658 2983 συστάντος

305 3015 338 3072 25
355 2999 441 3088 πρὸς
471 2997 534 3071 τὸν
562 2996 660 3083 λαόν,
692 2996 816 3083 ἀναβὰς
842 3005 896 3071 έπὶ
923 2999 988 3090 τήν
1014 2999 1170 3089 κορυφήν
1197 3007 1260 3070 τοῦ
1287 2993 1402 3090 ὄρους,
1432 3003 1572 3086 ἐξέτεινε
1596 2999 1658 3084 τὰς

355 3120 465 3189 χεῖρας
492 3095 598 3171 αὐτοῦ
624 3098 711 3188 πρὸς
734 3097 797 3170 τὸν
818 3097 915 3185 θεόν,
946 3105 999 3171 ίια
1025 3099 1176 3183 πολλοὺς
1199 3107 1250 3190 τῷ
1257 3106 1412 3223 πολέμῳ
1437 3095 1551 3188 ἀνέλη·
1583 3130 1601 3172 ο
1593 3097 1660 3171 δὲ

355 3195 589 3322 κύριοςήμῶν,
611 3195 740 3288 ἀγαθὸς
763 3196 822 3278 ὤν
845 3199 1044 3286 ἐξέτεινε
1009 3230 1070 3282 τας
1089 3217 1221 3319 χεῖρας(
1221 3197 1329 3270 αὐτου
1313 3197 1423 3288 οὐχί
1445 3206 1508 3270 τοῦ
1529 3198 1660 3272 ἀνελεῖν

355 3327 435 3381 τοις
463 3296 669 3387 ἀνθρώπους
694 3296 783 3370 ἀλλὰ
809 3306 873 3370 τοῦ
898 3307 1011 3370 σῶσαι.
1054 3304 1087 3368 τί
1118 3291 1180 3369 οὖν
1208 3292 1341 3389 ὅμοιον;
1371 3295 1390 3369 6
1420 3329 1482 3388 μεν
1512 3301 1567 3371 διά
1598 3306 1659 3389 τῆς

355 3396 523 3481 ἐκτάσεως
548 3406 621 3469 τῶν
642 3406 766 3489 χειρῶν
788 3395 923 3486 ἀναιρεῖ,
948 3393 966 3470 6
990 3405 1025 3470 δὲ
1047 3396 1152 3488 σῴζει.

305 3511 339 3566 30
438 3505 505 3568 ΑΔ.
546 3494 786 3588 Ἀναγκαῖον
768 3527 810 3570 αν
835 3503 884 3586 εἰη
912 3495 1059 3586 ἀκριβῶς
1081 3498 1142 3581 τὰς
1169 3496 1319 3581 ἐκτάσεις
1340 3495 1548 3588 ἀμφοτέροιν
1571 3507 1660 3571 δοκι-

439 3653 494 3722 4ί51
514 3654 580 3708 Gen.
594 3655 622 3708 9:
634 3654 676 3708 25.
689 3689 722 3696 -
735 3655 763 3724 θ]
783 3657 850 3710 Gen.
863 3657 890 3710 9:
904 3653 1107 3722 26.-υ-11]
1127 3653 1170 3708 Lo.
1185 3656 1228 3708 12:
1241 3655 1282 3709 46.
1301 3685 1334 3692 -
1348 3653 1447 3724 Ιίίὶὖ]
1461 3654 1513 3709 Jes.
1526 3655 1571 3710 52:
1585 3657 1609 3708 7.
1626 3685 1660 3694 -

357 3738 479 3807 12—21]
498 3739 551 3792 Jes.
564 3741 591 3793 2:
605 3741 628 3793 3.
642 3743 666 3794 4.
683 3771 717 3778 -
735 3740 822 3809 2416]
842 3739 928 3794 Exod.
942 3743 985 3794 17:
999 3739 1048 3793 sff.

442 3857 458 3913 l
479 3851 556 3926 ὅμως
572 3857 602 3912 δὲ
620 3857 743 3922 ΒΟΒΕΡ,
768 3854 846 3926 ὅμως
863 3859 894 3926 δή
914 3857 939 3912 δ.
959 3857 1017 3910 δοτ.
1038 3857 1042 3924 1
1063 3856 1134 3912 4-6
1151 3853 1220 3923 Χάμ
1233 3885 1265 3894 -
1277 3853 1365 3910 αἰτοῦ
1382 3855 1419 3909 ist
1436 3857 1583 3911 zweifellos
1600 3859 1660 3910 eine

355 3941 611 4012 Randbemerkung,
630 3942 675 3998 dio
693 3943 750 3998 sich
767 3944 796 3996 in
814 3942 868 3997 den
885 3943 955 3996 Text
972 3943 1070 3996 verirrt
1086 3943 1148 4005 hat;
1166 3939 1285 3996 οἰκετῶν
1304 3942 1402 4010 ςοίιδεί
1419 3959 1452 3995 zu
1471 3940 1556 3998 ἰδίων.
1591 3941 1660 3994 Βεεε

356 4025 417 4080 Rus.
436 4026 509 4081 δίεεο
521 4027 618 4080 Worte
635 4028 713 4083 nieht
731 4029 854 4098 μελίττιον
870 4029 928 4092 hat,
946 4028 982 4080 ist
1002 4027 1131 4081 offenbar.
1161 4025 1199 4078 Er
1216 4025 1283 4079 fand
1300 4026 1330 4078 in
1348 4026 1401 4079 den
1413 4025 1529 4080 Worten
1548 4027 1594 4080 des
1607 4025 1658 4079 Ad.

356 4111 417 4166 eine
433 4111 604 4182 Anspielung
621 4112 671 4165 auf
685 4111 730 4167 die
747 4113 906 4167 Herrschast
923 4111 1046 4181 Josephs,
1069 4127 1125 4162 was
1139 4109 1242 4178 jedoeh
1259 4109 1418 4179 unmoglich
1436 4127 1561 4178 gewesen
1579 4114 1659 4172 ware,

356 4212 436 4250 wenn
453 4197 483 4250 in
501 4196 603 4250 seinem
615 4195 777 4267 Exemplare
787 4195 856 4265 Χάμ
874 4193 929 4267 γὰρ
947 4192 1003 4251 κτί.
1017 4195 1167 4264 gestanden
1184 4195 1271 4250 hatte.
1301 4197 1333 4247 In
1351 4197 1471 4264 spssiberer
1484 4195 1541 4249 Zeit
1554 4193 1660 4248 sohriob

356 4279 400 4334 oin
417 4281 498 4335 Leser
515 4280 595 4335 beide
612 4280 702 4335 citabo
721 4281 787 4336 Gen.
800 4283 828 4336 9:
842 4284 875 4336 25
893 4299 918 4335 u.
937 4282 970 4336 26
987 4281 1016 4334 in
1034 4280 1158 4349 margine
1181 4279 1185 4346 Ι
1209 4281 1227 4334 θ
1248 4278 1396 4333 Vielleicht
1415 4297 1488 4333 muns
1507 4280 1576 4334 auch
1594 4277 1660 4343 τοὺς

356 4362 467 4431 οἰκέτας
484 4365 640 4435 ςεείτὶσίιεο
657 4366 766 4419 werden
782 4368 786 4433 Ι
802 4364 839 4421 ll
859 4361 985 4420 ἀπίστων
1002 4365 1073 4419 B²C¹
1092 4383 1125 4418 w.
1138 4381 1160 4418 e.
1174 4364 1238 4430 sch„
1257 4364 1328 4417 ΕΗΒ
1340 4364 1369 4417 in
1381 4381 1436 4433 mg.
1450 4364 1473 4418 G
1489 4363 1519 4417 in
1535 4382 1590 4434 mg.
1602 4363 1659 4416 Pie.

354 4449 471 4516 Humfr.;
490 4447 633 4506 ἀπιόντων
651 4449 677 4503 d.
695 4451 753 4504 iibr.
772 4467 798 4504 u.
817 4451 841 4504 d.
860 4451 962 4519 Ausgg.
997 4450 1052 4503 Das
1071 4449 1189 4518 richtige
1209 4451 1360 4502 vermutete
1379 4449 1462 4502 sehon
1481 4447 1630 4503 Wettsbein
1653 4447 1658 4516 1

353 4536 386 4590 15
404 4535 429 4589 d.
442 4535 512 4589 HSS.
525 4553 551 4589 u.
564 4536 666 4602 Ausgg.
685 4529 718 4601 ’ὴν
735 4532 765 4589 δὲ
782 4532 860 4606 παρὰ
878 4541 918 4607 τῷ
930 4536 1062 4605 προφήτῃ
1079 4535 1146 4601 καίΙ
1164 4534 1201 4588 16
1219 4531 1329 4588 δτιότελ
1345 4536 1349 4601 Ι
1365 4533 1404 4588 24
1422 4530 1500 4587 6vor
1511 4533 1659 4604 προφήτης

354 4628 388 4679 <
403 4623 429 4675 A
443 4621 448 4688 1
464 4620 501 4674 27
521 4613 603 4690 δίγιος
620 4618 645 4672 d.
664 4618 734 4673 HSS.
750 4623 754 4686 Ι
770 4619 810 4674 80
828 4615 883 4674 en.
900 4625 957 4674 τῶν
973 4625 1077 4690 χειρῶν
1096 4615 1191 4687 ἀμφί
