3744 5528
342 544 402 604 242
867 517 870 524 ¹
900 537 1088 595 Adamantius.
1240 535 1282 591 Do
1297 534 1327 590 la
1342 536 1401 590 Rue
1418 535 1444 590 V
1460 535 1645 592 8710-8720,

343 704 428 766 αι’ῶυι
451 701 557 790 τούτῳ,
588 709 646 766 τῶν
671 701 772 767 κόπων
796 701 848 778 τάς
873 700 999 785 ἀμοιβάς
1023 704 1093 788 παρ’
1118 703 1197 792 αὐτῷ
1219 705 1330 784 ἔχοντες
1353 704 1403 766 καί
1423 699 1477 784 τὴν
1498 701 1645 784 ἀληθινὴν

341 800 426 883 Ιἡμῶν
447 802 531 886 ζωήν.
572 803 764 883 κέκρυπται
789 801 854 888 γάρ
873 801 894 887 ἡ
917 803 983 886 ζωὴ
1010 803 1108 890 ἡμῶν
1128 801 1193 868 σόν
1213 809 1258 892 τῷ
1280 808 1418 888 Χριστῷ
1440 803 1477 866 ἐν
1497 809 1542 891 τῷ
1563 809 1643 889 θεῷ.

341 903 425 967 ὅταν
446 903 482 967 δὲ
503 901 519 968 δ
544 900 697 987 Χριστός
718 911 925 994 φανερωθῇ,
952 902 973 988 ἡ
994 904 1061 990 ζωὴ
1087 903 1198 989 ἡμῶν,
1224 902 1290 968 οὖν
1309 908 1354 990 τῷ
1378 908 1518 990 Χριστῷ
1540 903 1577 967 έν
1599 909 1644 991 τῷ

312 1009 412 1090 ῖθεῷ
438 1002 774 1087 φανερωθησόμεθα
799 1006 835 1068 ἐν
862 1005 972 1091 Mem,
1004 993 1043 1085 ὃς
1068 1008 1124 1073 καὶ
1150 994 1253 1082 όσίως
1279 994 1481 1088 ἀναστήσειν
1502 996 1566 1070 τὸν
1587 997 1644 1069 ἀν·

340 1108 488 1186 θρωπον
508 1105 743 1190 ἐπηγγείλατο,
771 1099 832 1171 σὺν
854 1106 904 1190 τῷ
928 1099 1059 1190 σῶματι
1085 1097 1273 1181 ἀθανασίας
1292 1105 1482 1187 μεθέξοντα
1503 1103 1558 1168 καί
1581 1094 1644 1185 ἀφ-

340 1194 451 1270 θόνου
480 1203 610 1288 δωρεᾶς
639 1196 894 1286 ἀπολαύσαντα,
927 1193 965 1283 ὃς
994 1207 1050 1272 καὶ
1080 1198 1136 1271 διά
1166 1204 1229 1270 τοῦ
1259 1194 1476 1285 αότεξουσίου
1506 1203 1645 1279 δικαίως

339 1293 495 1382 ἅπαντας
516 1303 563 1381 είς
583 1306 693 1390 κρίσιν
715 1299 806 1387 ἄξειν
825 1295 1069 1384 ἀποδέδεικται,
1093 1290 1122 1390 ᾧ
1144 1295 1244 1370 οὐδὲν
1257 1293 1468 1386 ἀντικεῖσθαι
1482 1303 1642 1384 πέφυκεν,

340 1391 369 1488 ᾦ
391 1405 483 1471 πᾶσα
503 1403 636 1484 ἐξουσία
649 1394 836 1484 ἀπόκειται,
860 1391 889 1489 ᾧ
913 1405 1050 1481 δικαίως
1065 1395 1218 1487 λατρεύει
1239 1392 1260 1485 ἡ
1282 1389 1462 1485 οἰκουμένη
1474 1401 1565 1467 πᾶσα
1587 1402 1642 1465 καί

340 1495 381 1568 τό
402 1505 478 1570 τῶν
499 1494 698 1570 ἐπισκόπων
720 1517 849 1586 στῖφος,
872 1502 922 1570 ἔτι
943 1496 1010 1588 μὴν
1030 1503 1087 1568 καὶ
1109 1495 1150 1568 τὸ
1173 1495 1310 1568 τούτων
1327 1499 1568 1578 διδασκαλεῖον,
1591 1494 1644 1576 οἷς

267 1606 318 1659 872
339 1592 481 1683 εὐσεβῶς
507 1594 706 1687 πειθόμενοι
724 1605 729 1686 l
748 1594 1032 1686 σνναγελάζονται
1058 1603 1203 1680 βασιλεῖς
1227 1602 1284 1666 καὶ
1313 1591 1441 1675 πάντες
1470 1591 1641 1682 ἄρχοντες,

339 1694 514 1787 σόμφηφοι
534 1702 597 1785 μέν
618 1703 679 1786 τῆς
701 1694 861 1786 ἀληθείας
882 1692 1062 1786 γινόμενοι,
1084 1691 1302 1767 ἀπωθεῖσθαι
1321 1699 1431 1764 δὲκαὶ
1449 1689 1642 1766 ἀποκλείειν

339 1794 380 1866 τὸ
411 1801 535 1884 ψεῦδος
563 1795 779 1886 πειρώμενοι·
813 1792 899 1884 αὐτῇ
931 1795 994 1884 γάρ
1023 1793 1124 1884 μόνη,
1155 1789 1204 1877 ῶς
1233 1786 1387 1882 ἀληθῶς,
1420 1797 1557 1874 δικαίως
1586 1799 1640 1861 καὶ

338 1891 481 1979 εὐσεβῶς
494 1900 550 1965 καί
565 1890 667 1976 ὁσίως
681 1891 702 1984 ἦ
715 1891 870 1966 καθόλου
884 1899 1043 1984 ἐκκλησία
1057 1890 1284 1978 πολιτεύεται,
1303 1884 1343 1981 ἧς
1364 1895 1396 1963 οί
1418 1896 1643 1978 ἐκτραπέντες

336 2000 392 2066 καὶ
413 1991 669 2081 ἀποσφαλέντες
689 1990 810 2084 πόρρω
832 1999 894 2084 τῆς
914 1988 1078 2081 ἀληθείας
1099 1989 1313 2082 τυγχάνουσι,
1341 1988 1432 2080 λόγῳ
1455 1995 1516 2080 μὲν
1539 1993 1640 2077 ἐπαγ-

286 2112 319 2164 15
334 2091 532 2183 γελλόμενοι
555 2099 679 2167 εἰδέναι
704 2090 882 2184 ἀλήθειαν,
914 2095 1002 2183 ἔργῳ
1032 2095 1069 2164 δέ
1098 2089 1232 2181 μακράν
1261 2086 1490 2179 ἀφεστηκότες
1521 2085 1637 2180 αὐτῆς.

338 2189 423 2266 ὅθεν
436 2198 567 2265 δίκαιον
588 2191 732 2285 ἡγοῦμαι
755 2192 835 2276 τούς
855 2201 933 2281 περὶ
949 2199 1106 2281 Μαρῖνον
1126 2190 1171 2281 μὴ
1186 2186 1461 2278 παραιτήσασθαι
1481 2188 1546 2279 τὴν
1560 2185 1640 2276 παρ’

337 2299 418 2381 ἐμοῦ
444 2289 617 2381 ἀπόφασίν
643 2321 680 2365 τε
706 2302 761 2365 καλ
787 2298 1001 2380 παραίνεσιν,
1029 2288 1236 2379 ἀποσχέσθαι
1261 2295 1297 2360 δέ
1323 2295 1387 2361 τοῦ
1409 2284 1563 2361 ἀτάκτου
1583 2297 1639 2359 καὶ

336 2390 551 2465 ἀσυντάκτου
575 2401 632 2463 καὶ
659 2397 867 2481 ἐπισφαλοῦς
893 2389 1074 2482 δόγματος,
1104 2395 1159 2460 καὶ
1182 2386 1434 2480 ἀπορρίψαντες
1456 2385 1522 2477 τὴν
1544 2392 1638 2472 αἰδῶ,

335 2489 538 2582 ἀναδραμεῖν
561 2497 616 2564 ἐπὶ
638 2491 703 2583 τὴν
725 2489 840 2581 ἀληθῆ
862 2497 917 2561 καὶ
939 2495 1073 2563 δικαίαν
1093 2496 1222 2572 πίστιν,
1248 2484 1435 2576 σωζόμενοι
1463 2486 1525 2558 οὖν
1549 2482 1639 2576 ἡμῖν,

284 2605 317 2658 ‘20
335 2591 506 2682 γινόμενοι
527 2600 633 2664 θείων
654 2588 868 2680 μαθημάτων
890 2588 1021 2680 μύσται.

419 2761 502 2832 ε-ι]
522 2762 578 2817 001.
590 2763 618 2817 3:
630 2763 655 2821 3.
667 2765 692 2816 ι.

417 2914 436 2970 θ
454 2912 655 2970 ἀπολαύσαντα
673 2909 794 2980 Wettst„
813 2908 997 2968 ἀπολαύοντα
1015 2909 1041 2964 d.
1060 2909 1131 2963 HSS.
1146 2911 1151 2979 Ι
1167 2909 1203 2965 11
1223 2927 1294 2978 γιγν.
1312 2906 1338 2961 d.
1355 2905 1426 2961 HSS.
1442 2906 1447 2974 Ι
1464 2905 1502 2960 12
1520 2907 1570 2960 καί
1588 2921 1638 2959 τοι·

332 2996 454 3070 εὐσεβῶς
466 2997 565 3063 BCDF,
575 3007 608 3058 <
617 2998 642 3052 d.
655 2997 714 3052 θοι.
730 3005 734 3052 1
751 2997 789 3054 18
802 2992 989 3069 ἐκτραπέντες
1002 2992 1153 3062 Conj.Gule
1163 2991 1334 3056 beiWettst„
1346 2987 1501 3062 τραπέντες
1512 2989 1615 3044 miss.
1630 2992 1633 3039 ί

333 3083 417 3148 14115
429 3079 671 3153 ἐπαγγελλόμενοι
688 3079 788 3148 BCFH,
807 3077 913 3150 ἀπαγγ.
932 3077 957 3132 d.
970 3076 1049 3146 θοαΙ
1071 3077 1107 3133 17
1127 3094 1158 3132 τε
1176 3086 1209 3135 <
1226 3073 1249 3129 Ε
1266 3093 1292 3130 u.
1310 3075 1336 3131 d.
1355 3075 1478 3146 Ausgffl
1498 3073 1537 3130 18
1555 3068 1637 3128 ἀσυν-

331 3165 436 3221 τάκτου
448 3176 481 3225 <
494 3168 514 3221 G
529 3169 533 3235 Ι
549 3166 585 3221 2⁰
601 3167 650 3222 καί
667 3165 814 3236 γινόμενοι
832 3163 911 3218 AFH.
