3744 5524
361 496 420 559 126
916 491 1107 548 Adamantius.
1290 489 1332 546 De
1349 489 1379 546 la
1395 491 1454 546 Rue
1471 492 1511 547 111
1527 493 1664 550 837b-e.

358 649 575 740 ἰσχυρότερον
596 650 781 742 ἀναγκαῖον
803 652 859 727 διὰ
880 653 922 726 τὸ
945 652 1110 744 ἀγένητον
1130 650 1292 742 ὐπάρχειν
1312 662 1369 725 καὶ
1390 652 1591 744 ἄφθαρτον,
1618 653 1663 728 τὸ

358 758 394 823 δὲ
403 749 648 841 ἀσθενέστερον
658 751 712 824 διὰ
723 752 765 826 τὸ
774 753 861 825 εἶναι
870 749 1022 844 γενητόν,
1039 760 1102 827 τοῦ
1110 749 1278 842 ἀχενὴτου
1291 758 1509 844 ἰσχυροτέρου
1518 747 1662 844 ὄντος*.)

323 877 339 914 0
439 857 506 922 ΑΔ.
541 849 686 942 Σφόδρα
708 848 1037 942 ἀπηρυθριασμένως
1051 850 1137 943 πρὸς
1158 851 1223 942 τὴν
1246 849 1383 942 ζήτησιν
1403 858 1542 940 φέρεται
1556 860 1662 942 Moy&-

356 961 442 1034 θιος.
450 947 697 1042 ἀποκρινάσθω
708 957 737 1022 εἰ
746 947 1415 1041 ἐπιμίγνυνταιἢέπιφοιτῶσινάλλήλαις
1425 955 1458 1023 αὶ
1470 951 1530 1024 δύσ
1541 951 1661 1026 οὐσίαι.

321 1064 338 1117 5
438 1058 542 1123 ΜΒΓ.
587 1047 656 1121 Οὐκ
677 1054 923 1141 ἐπιμίγνυνται·
945 1051 990 1142 μὴ
1011 1057 1155 1139 γένοιτο.

438 1155 504 1221 ΑΔ.
546 1157 627 1234 Πῶς
657 1143 721 1223 οὐν
751 1143 858 1241 ἦλθεν
891 1147 911 1224 δ
940 1147 1071 1242 ἀγαθὸς
1098 1157 1145 1236 εἰς
1169 1150 1214 1222 τὰ
1243 1155 1308 1222 τοῦ
1336 1157 1504 1240 πονηροῦ,
1535 1147 1557 1241 ἢ
1583 1159 1661 1236 πῶς

354 1247 507 1339 ἀμίκτων
534 1241 650 1321 ὄντων
678 1257 752 1322 τῶν
779 1247 907 1325 οὐσιῶν
933 1259 1050 1341 γέγονε
1075 1263 1175 1342 μῖξις,
1205 1256 1318 1320 καίτοι
1344 1244 1513 1321 ἐναντίων
1544 1245 1662 1322 ὄντων

354 1346 527 1440 ἀλλήλων;
556 1348 683 1440 Ιείχᾶρ
708 1349 753 1440 μὴ
780 1355 864 1434 ἰ’διος
891 1346 910 1422 δ
936 1347 1061 1440 κόσμος
1087 1357 1150 1421 τοῦ
1174 1346 1280 1439 Ἰησοῦ
1307 1344 1382 1421 ἀλλ’
1404 1343 1427 1438 ἢ
1453 1355 1517 1422 τοῦ
1542 1357 1659 1436 κακοῦ,

352 1458 429 1533 πῶς
458 1447 606 1521 δυνατὸν
637 1440 680 1539 ἦν
710 1457 761 1540 τῷ
790 1447 895 1540 Ἰησοῦ
920 1454 1050 1535 ἐλθεῖν,
1081 1445 1144 1521 οὐκ
1173 1453 1378 1538 ἰσχυροτέρῳ
1408 1441 1502 1534 ὄντι;
1532 1453 1564 1521 οἱ
1594 1449 1660 1538 γὰρ

303 1566 335 1621 10
352 1556 538 1634 ἰσοσθενεις
561 1545 739 1638 οὐδέτερος
760 1548 847 1638 πρὸς
869 1545 934 1619 τὸν
948 1549 1067 1639 ἕτερον
1080 1552 1235 1637 ἐπιβῆναι
1250 1545 1423 1633 δύνανται,
1446 1548 1501 1621 διὰ
1516 1548 1558 1622 τὸ
1573 1551 1659 1621 εἶναι

351 1646 536 1739 ἀγενήτους
557 1655 614 1721 καὶ
635 1645 840 1736 ἀφθάρτους
862 1643 1121 1738 ἄμφοτέρους*.)

435 1753 538 1818 ΜΑΡ.
581 1743 664 1836 Ἑχιά
688 1775 773 1836 φημι
794 1746 859 1820 τὸν
880 1745 966 1818 θεὸν
987 1745 1171 1835 ἄφθαρτον
1191 1742 1309 1835 μόνον.

435 1853 501 1916 ΑΔ.
547 1842 679 1918 Οὐκοῦν
702 1841 721 1918 δ
744 1842 902 1931 διάβολος
923 1842 1088 1935 φθαρτός.

315 1958 333 2013 d
434 1949 598 2034 (EPTPJ)
642 1951 683 2016 Εἰ
708 1951 771 2033 μὲν
796 1943 941 2035 γενητὸν
966 1953 1022 2016 καὶ
1049 1942 1231 2036 ἀγένητον,
1262 1945 1404 2018 δῦναται
1425 1943 1467 2018 τδ
1489 1943 1658 2038 ἀγένητον

301 2055 333 2108 15
351 2043 535 2133 ἄφθαρτον
557 2041 599 2115 τὸ
621 2049 657 2114 δὲ
679 2042 824 2133 γενητὸν
847 2041 1017 2134 φθαρτόν.

433 2150 538 2215 ΜΑΡ.
582 2149 667 2233 Φέρε
689 2141 741 2233 δή,
763 2139 873 2234 κάμοῦ
894 2150 1155 2232 πυνθανομένου
1176 2140 1371 2233 ἀποκρίνου.

434 2247 502 2312 ΑΔ.
543 2250 672 2314 Πυθοῦ.

433 2347 537 2412 ΜΑΡ.
574 2337 687 2415 Ἔστιν
710 2337 860 2432 ἀγαθόν·

433 2447 501 2512 ΑΔ.
544 2449 620 2514 Na&

298 2549 332 2604 20
433 2547 536 2614 ΜΑΡ.
574 2537 667 2614 Ἐστι
686 2540 811 2626 κακόν,·

431 2649 499 2713 ΑΔ.
534 2637 680 2732 Ἀχαθάυ
703 2669 787 2732 φημι
808 2637 884 2713 κατ’
907 2637 1024 2714 οὐσίαν
1045 2642 1140 2726 εἶναι,
1163 2639 1204 2712 τὸ
1227 2647 1263 2712 δὲ
1284 2640 1392 2714 κακὸν
1414 2641 1655 2734 ἐπισυμβαῐνύν

348 2747 454 2814 ἐστιν·
483 2739 525 2813 τὸ
547 2738 680 2832 ἀχαθόν
702 2738 899 2829 ἀσώματον,
928 2739 969 2812 τό
992 2746 1028 2812 δὲ
1048 2738 1156 2812 κακὸν
1182 2738 1360 2830 αἰσθητόν·
1391 2749 1443 2832 τῷ
1465 2737 1529 2816 οὐν
1550 2745 1655 2832 (κατὰ

348 2840 466 2930 φῦσιν)
482 2837 603 2930 ἀγαθῷ
620 2839 682 2914 οὐκ
697 2845 924 2930 έπισυμβαὶνει
947 2839 987 2912 τὸ
1001 2835 1118 2926 κακόν,
1141 2835 1227 2912 ἀλλὰ
1241 2848 1293 2931 τῷ
1308 2841 1396 2914 κατὰ
1418 2848 1516 2916 θέσιν
1529 2839 1652 2935 ἀγαθῷ

348 2940 403 3013 διὰ
425 2938 466 3011 τὸ
489 2935 714 3026 αὐτεξούσιον.

297 3044 330 3098 25
431 3044 535 3109 ΜΑΡ.
577 3047 613 3109 Τί
633 3042 704 3111 ἐστι
725 3040 816 3113 κατὰ
838 3039 940 3129 φῦσιν
961 3047 1016 3113 καὶ
1037 3039 1126 3112 κατὰ
1148 3049 1246 3113 θέσιν
1267 3049 1398 3130 γνῶναι
1421 3041 1594 3131 βούλομαι,

431 3144 497 3208 ΑΔ.
540 3143 582 3208 ΕΙ
607 3145 663 3209 καὶ
695 3139 739 3211 τὰ
768 3137 914 3228 μάλιστα
944 3143 1060 3227 ἔδοξας
1086 3141 1266 3231 εἰρωνικὴν
1291 3147 1411 3213 πεῦσιν
1439 3163 1652 3234 πρυαχαχεῑν,

348 3232 441 3327 ὅμως
462 3237 573 3309 ἄκουε.
609 3237 699 3310 κατὰ
721 3238 824 3327 φύσιν
839 3245 931 3312 ἐστὶν
950 3234 969 3310 δ
991 3241 1073 3322 θεὸς
1089 3235 1227 3329 ἀγαθός,
1251 3233 1280 3332 ᾦ
1301 3247 1408 3331 μηδὲν
1426 3247 1653 3332 έπισυμβαὶνει

314 3365 329 3403 ε
348 3333 463 3421 κακόν,
485 3335 573 3408 κατὰ
587 3341 624 3407 δέ
638 3344 735 3409 θέσιν
750 3337 939 3429 ἄνθρωπος
954 3346 1086 3428 λέγεται
1104 3335 1246 3430 ἀγαθός·
1270 3339 1384 3431 ὥσπερ
1397 3349 1454 3412 καὶ
1468 3342 1533 3415 τὸν
1547 3339 1653 3434 λόχον

349 3444 412 3510 τοῦ
433 3443 518 3508 θεοῦ
538 3435 627 3508 κατὰ
650 3435 751 3524 φύσιν
772 3444 916 3528 λέγομεν
934 3435 1025 3525 υἱόν,
1053 3439 1134 3523 τούς
1156 3446 1192 3512 δὲ
1213 3437 1424 3530 ἀνθρώπους
1445 3441 1532 3513 κατὰ
1556 3447 1652 3514 θέσιν

433 3559 481 3626 θΙ4
500 3555 646 3628 Μεχέθιος
667 3559 740 3614 habe
762 3559 807 3614 ioh
829 3558 1012 3631 hinzugefflgt
1032 3559 1085 3615 mit
1101 3560 1137 3615 Βι
1154 3559 1216 3616 Rus.
1239 3563 1244 3630 Ι
1272 3563 1286 3617 7
1306 3558 1442 3631 ἀμίκτων]
1467 3556 1503 3618 ἄν
1525 3558 1653 3631 ἀμίκτων

347 3642 449 3709 CDFH,
467 3639 631 3711 ἄναμίιτιων
643 3642 669 3697 d.
681 3644 749 3712 flbr„
769 3643 993 3698 »τἰισοιιιπιιὶιδστι
1006 3645 1113 3701 Humfr.
1140 3641 1266 3714 ἀμίκτων
1283 3645 1325 3699 las
1337 3646 1407 3700 auch
1419 3646 1474 3701 Pie„
1490 3649 1495 3716 Ι
1510 3647 1603 3704 8-11
1617 3645 1655 3703 Εἰ

346 3727 402 3803 χᾶρ
414 3759 447 3768 -
460 3724 641 3800 ἀμφοτέρους
657 3738 691 3788 <
708 3729 769 3784 Rus.
799 3727 905 3785 Jedooh
922 3734 1031 3785 mfissen
1048 3729 1099 3784 wir
1116 3746 1145 3784 εε
1162 3729 1206 3783 fiir
1222 3729 1414 3801 ursprflnglich
1431 3730 1535 3800 hulten,
1554 3730 1590 3786 da
1608 3731 1652 3788 die

345 3813 527 3882 Erwiderung
538 3811 585 3866 δεε
596 3812 664 3867 Mar.
679 3809 752 3883 »ἐγὼ
765 3833 838 3884 φημι
855 3812 906 3868 τὸν
923 3811 994 3869 θεὸν
1012 3808 1165 3886 ἄφθαρτον
1181 3813 1287 3882 μόνον
1308 3813 1358 3869 auf
1372 3811 1540 3888 ἀφθάρτους
1558 3814 1651 3886 ἄμφο-

343 3896 443 3972 τέρους
460 3895 630 3968 zurfiokgeht
644 3899 648 3966 Ι
664 3898 701 3954 10
719 3896 852 3954 δύνανται
864 3897 967 3966 ΒΟΒΕ,
985 3897 1103 3955 δύναται
1120 3896 1216 3954 (mbr.
1232 3899 1236 3964 Ι
1253 3899 1290 3954 11
1309 3895 1513 3968 ἀχεννιΙτουςΟ
1528 3905 1533 3969 Ι
1549 3900 1586 3956 14
1602 3900 1652 3955 Boi

343 3982 404 4037 Ruf.
422 3981 494 4036 fehlt
511 3980 560 4035 der
578 3981 665 4036 Namo
685 3981 804 4048 »mutu«,
821 3983 852 4038 in
870 3983 958 4037 seiner
972 3983 1093 4054 Vorlage
1110 3981 1252 4038 vielleioht
1268 3999 1366 4052 wegen
1384 3983 1431 4038 δεε
1449 3983 1597 4054 folgenden
1615 3982 1653 4039 Εἰ

343 4065 514 4137 ausgefallen
529 4068 533 4134 Ι
547 4066 597 4121 καὶ
613 4083 664 4122 vor
681 4063 821 4138 ἀγένητον
837 4067 1016 4133 ACDEFGH,
1034 4077 1068 4128 <
1085 4067 1108 4121 B
1127 4065 1152 4120 δ
1170 4065 1189 4122 l.
1206 4067 1239 4122 R
1257 4066 1369 4123 Wettst.
1387 4071 1551 4124 vermutote:
1569 4067 1601 4125 τδ
1620 4068 1650 4125 δὲ

342 4149 462 4222 γενητὸν
480 4149 613 4224 φθαρτὸν
631 4144 712 4218 εἶναι,
733 4151 790 4205 und
808 4151 936 4207 wirklich
952 4152 1040 4208 findet
1057 4152 1116 4207 sich
1134 4145 1237 4209 »εἶναιι
1256 4153 1287 4207 in
1297 4151 1392 4206 Acffl
1404 4152 1460 4208 Pio.
1489 4151 1526 4206 Ιθε
1544 4153 1650 4208 soheint

343 4235 396 4289 mir
408 4235 511 4306 jedooh
528 4254 581 4291 nur
598 4235 643 4291 die
660 4236 808 4306 Gonjeetur
825 4236 899 4292 eines
917 4237 1112 4293 Abschreibers
1133 4255 1166 4292 zu
1183 4237 1255 4304 seim
1278 4231 1352 4294 εἶναι
1371 4237 1408 4292 ist
1429 4236 1489 4292 hier
1505 4237 1584 4292 nieht
1600 4255 1651 4292 nur

342 4320 467 4390 τιμηθεὶς,
485 4319 603 4376 nondam
615 4320 686 4375 auch
699 4319 862 4391 ungehbrig.
891 4321 946 4378 Der
957 4321 1025 4377 Sinn
1036 4323 1073 4378 ist
1083 4342 1120 4377 m.
1132 4321 1176 4377 R:
1195 4322 1287 4378 Wenn
1299 4339 1327 4378 σε
1339 4321 1385 4377 ein
1401 4320 1522 4393 γενητὸν
1538 4320 1595 4376 und
1605 4322 1651 4376 ein

343 4401 483 4474 ἀγένητον
495 4404 579 4475 giebt,
592 4404 667 4459 dann
675 4405 761 4460 heizet
770 4403 906 4476 Ιδύναται)
916 4403 1056 4476 ἀγένητον
1065 4407 1151 4462 εσυίεΙ
1160 4407 1201 4462 als
1210 4403 1372 4481 ἄφθαρτον,
1384 4403 1504 4477 χενητδν
1514 4405 1600 4461 soviel
1610 4405 1651 4459 als

342 4487 474 4561 φθαρτὸν
490 4490 494 4555 Ι
510 4488 598 4554 14Ι15
611 4489 747 4560 χεννητδν
761 4509 788 4546 u.
801 4487 957 4561 ἀγέννητον
968 4490 990 4545 F
1005 4493 1009 4561 Ι
1025 4493 1115 4560 22Ι28
1127 4491 1200 4549 κατὰ
1214 4491 1297 4563 φύσιν
1308 4492 1381 4546 habe
1392 4492 1438 4546 ich
1451 4488 1651 4561 eingesohaltet

341 4591 437 4643 wegen
455 4572 502 4628 dos
520 4574 669 4645 folgenden
686 4573 761 4632 κατὰ
780 4573 861 4631 θέσιν
883 4574 940 4630 und
963 4576 1011 4631 der
1028 4575 1208 4648 Erwiderung
1228 4577 1275 4632 des
1292 4576 1427 4630 Marinus:
1453 4575 1481 4631 τί
1499 4571 1559 4630 ἐστι
1575 4571 1649 4630 κατὰ

341 4657 424 4728 φύσιν
440 4653 497 4713 κτὲ.
513 4662 517 4727 Ι
533 4659 571 4715 27
591 4656 667 4715 ἐστὶν
685 4659 815 4728 ABCDE,
833 4670 867 4721 <
886 4661 911 4715 d.
930 4661 990 4716 flbr.
