3744 5528
367 477 425 538 172
921 464 1110 520 Adamantius.
1296 463 1337 518 De
1353 465 1383 518 la
1399 463 1457 520 Rue
1474 463 1514 519 IV
1530 463 1667 522 8502-6.

448 636 514 700 ΑΔ.
550 632 675 718 Λαβὼν
690 626 709 701 6
725 629 806 714 θεὸς
818 635 902 718 χοῦν
920 634 966 712 είς
986 625 1028 701 τὸ
1043 645 1201 716 κρεῖττον
1223 630 1364 715 ἔτρεφεν
1378 621 1400 716 6
1416 629 1461 710 είς
1476 624 1517 698 τό
1537 646 1667 716 χεῖρον,·

447 735 551 800 ΜΑΡ.
596 729 729 820 Δηλαδή
751 734 798 812 είς
819 729 860 800 τό
882 747 1048 815 κρεῖττον.

448 835 514 899 ΑΔ.
557 835 599 899 El
623 835 707 917 χοῦν
733 830 850 914 λαβὼν
879 823 897 898 6
924 827 1005 908 θεὸς
1030 834 1086 896 καὶ
1107 822 1270 897 πλάσσων
1291 827 1328 896 ἐκ
1346 833 1501 913 χείρονος
1522 823 1586 897 τὸν
1606 823 1668 895 άν-

364 938 513 1018 θρωπον
536 926 597 1000 οῦκ
619 926 793 1018 ᾐσχύνετο,
817 925 995 1014 ἀναλαβεῖν
1017 919 1057 996 όν
1079 927 1221 998 ἔπλασεν
1243 921 1372 1013 ήδεῖτο;

330 1053 346 1106 5
446 1034 550 1098 MAP.
591 1035 670 1112 Ποῦς
693 1035 799 1100 τοῦτο
822 1034 942 1117 λέγεις,·

327 1144 346 1198 b
447 1135 511 1198 Εἴ
511 1137 568 1200 ΤΡ.
584 1121 687 1217 ’Ἐφης
702 1132 738 1198 ἐκ
750 1125 832 1216 χοὸς
841 1125 904 1197 τόν
914 1125 1104 1215 ἄνθρωπον
1119 1128 1421 1213 δεδημιουργήσθαι
1435 1118 1527 1212 ήοίχ
1537 1117 1668 1208 οὕτως·

446 1233 550 1298 ΜΑΡ.
594 1234 670 1298 Ναί.

446 1334 568 1396 ΕῩΤΡ.
594 1334 629 1396 Τί
642 1318 707 1398 οὖν
722 1330 793 1398 ἐστι
803 1325 1006 1415 τιμιώτερον
1016 1331 1073 1396 καὶ
1088 1319 1318 1409 ἐνδοξότερον,
1332 1327 1413 1410 χοῦς
1427 1317 1450 1410 6
1465 1320 1668 1409 άνθρωπος;

447 1431 550 1496 ΜΑΡ.
585 1422 796 1513 Ἄνθρωπος.

314 1551 347 1605 10
446 1533 567 1596 EYTP.
601 1521 764 1614 Ἀνόητον
778 1517 841 1597 οῦν
856 1521 897 1596 τὸ
912 1529 1021 1612 λέγειν
1036 1527 1091 1594 ἐπὶ
1108 1529 1235 1610 χείρονι
1247 1521 1292 1610 μή
1307 1518 1530 1609 αἰσχύνεσθαι,
1553 1525 1606 1590 ἐπί
1630 1524 1667 1589 δὲ

364 1629 415 1712 τῷ
438 1631 610 1712 κρείττονι
631 1630 803 1696 αἰδείσθω.
839 1629 868 1695 εί
889 1622 952 1713 γὰρ
973 1628 1057 1712 χοῦν
1077 1631 1190 1706 λαβεῖν
1211 1615 1231 1690 6
1252 1618 1334 1702 θεὸς
1349 1617 1567 1708 οῦκ-ᾐδέσθη,
1588 1625 1667 1701 πῶς

364 1721 563 1810 ἄνθρωπον,
585 1720 766 1812 γενόμενον
789 1718 951 1812 ὁμοίωσιν
973 1718 1088 1806 αότοῦ,
1111 1733 1223 1808 λαβεῖν
1244 1717 1422 1809 ήσχόνετο;

445 2124 511 2190 ΑΔ.
555 2117 651 2209 Αῦτή
678 2119 741 2210 γὰρ
768 2118 789 2211 6
816 2119 915 2208 φύσις
941 2117 1003 2192 οῦκ
1029 2124 1154 2208 ἐλέγχει
1179 2111 1234 2190 ότι
1263 2123 1357 2206 μέχρι
1385 2122 1447 2205 τῆς
1472 2114 1620 2206 σήμερον
1646 2109 1667 2186 6

364 2215 465 2308 λόγος
491 2227 554 2291 τοῦ
581 2227 666 2292 θεοῦ
691 2218 833 2294 πλόσσει
858 2220 938 2303 τοῦς
965 2217 1186 2309 ἀνθρώπους
1215 2212 1237 2306 6
1263 2224 1366 2306 χωρίς
1391 2222 1455 2287 τοῦ
1484 2221 1570 2288 θεοῦ
1598 2214 1667 2305 φὴς

312 2336 345 2389 15
365 2329 657 2404 ζωσπλαστεῑσθαι
678 2325 716 2390 ἐν
738 2328 781 2409 τῇ
802 2318 914 2413 μήτρᾳ
936 2319 1142 2408 άνθρωπον;

446 2424 550 2490 ΜΑΡ.
592 2417 675 2510 Ἐγώ
699 2419 841 2508 δύναμιν
862 2426 948 2493 θεοῦ
968 2428 1057 2511 λέγω
1080 2430 1262 2508 ζωογονεῖν
1283 2414 1346 2488 τὸν
1368 2414 1568 2503 ἄνθρωπον.

447 2524 514 2589 ΑΔ.
542 2517 660 2592 Ακουε
681 2527 746 2593 τοῦ
768 2516 966 2592 ἀποστόλου
987 2525 1160 2641 λέγοντος·
1183 2516 1357 2605 Χριστὸς
1378 2519 1478 2588 θεοῦ
1499 2511 1666 2602 δύναμις

329 2627 425 2689 ικαὶ
447 2625 545 2692 θεοῦ
564 2623 701 2709 σοφία’·
724 2619 825 2690 άκουε
841 2615 996 2690 Ἰωάννου
1010 2647 1073 2691 του
1057 2613 1323 2706 ἐὐαγγελιστοῦ
1336 2620 1511 2704 λέγοντος·
1533 2612 1668 2686 πάντα

362 2713 408 2789 δι’
425 2716 550 2792 αότοῦ
571 2725 733 2808 ἐγένετο
754 2727 819 2791 καί
839 2726 960 2807 χωρίς
975 2714 1274 2804 αῦτοῦίγένετο
1296 2714 1387 2787 οῦδὲ
1402 2708 1476 2785 ἓν“
1459 2743 1477 2784 ο
1493 2722 1666 2804 γέγονεν

310 2834 345 2890 20
364 2815 451 2890 άλλὰ
475 2819 543 2908 μήν
568 2826 624 2891 καὶ
645 2814 840 2910 Ἱερεμίας“
822 2849 840 2890 ο
862 2815 1044 2939 προφήτης
1070 2823 1216 2888 δείκνυσι
1236 2812 1299 2888 τὸν
1320 2812 1406 2886 θεὸν
1425 2812 1581 2903 πλάστην
1602 2821 1668 2888 τοῦ

362 2914 563 3008 άνθρσόπου,
591 2917 779 3006 φάσκοντα·
809 2915 984 3006 πρὸτοῦ
1008 2945 1051 3006 με
1076 2913 1224 2988 πλάσαι
1250 2937 1303 2998 σε,
1335 2918 1376 2986 ἐκ
1402 2921 1558 2998 κοιλίας
1584 2919 1667 2985 ἐπί-

361 3026 505 3104 σταμαί
534 3042 583 3090 σε.
628 3015 712 3090 άλλά
743 3023 798 3088 καὶ
829 3021 943 3086 Δουίό·
978 3019 1025 3086 a}
1045 3021 1174 3104 χεῖρές
1203 3037 1274 3087 σου
1301 3010 1498 3103 ἐποίησάν
1525 3042 1570 3103 με
1599 3017 1669 3086 καὶ

362 3114 540 3189 ἔπλασάν
560 3145 613 3206 με.
648 3113 723 3189 ἄλλ’
746 3109 809 3189 οῦν
830 3123 938 3204 γεκαὶ
960 3119 998 3186 ἐν
1019 3122 1062 3203 τῇ
1078 3120 1221 3186 Γενίσει·
1243 3117 1370 3198 ἔλαβε,
1393 3121 1506 3200 φησίν,
1529 3108 1549 3186 6
1571 3111 1669 3196 θεὸς

359 3225 459 3307 χοῦν
488 3226 554 3290 καί
589 3219 734 3289 ἔπλασε
765 3213 836 3287 τὸν
866 3213 1094 3302 άνθρωπον.
1136 3217 1199 3303 (ἔτι
1228 3213 1295 3304 μὴν
1323 3219 1379 3283 καί
1409 3208 1429 3285 ό
1461 3208 1667 3295 άπόστολος·

311 3327 345 3383 25
363 3311 429 3388 ὅτε
451 3321 504 3402 δέ,
533 3323 649 3405 φησίν,
676 3311 896 3405 εὐδόκησεν
923 3309 941 3385 ό
968 3311 1077 3398 θεός,
1105 3309 1124 3386 6
1152 3311 1347 3402 ἀφορίσας
1372 3339 1418 3400 με
1443 3317 1484 3382 ἐκ
1509 3319 1667 3394 κοιλίας

361 3412 512 3506 μητρός
540 3421 635 3504 μου.)
677 3421 706 3485 εί
732 3423 852 3486 τοίνυν
877 3420 1047 3486 δείκνυται
1074 3411 1141 3486 άπὸ
1169 3420 1243 3486 τῶν
1266 3421 1410 3502 γραφῶν
1435 3406 1453 3481 6
1481 3407 1581 3500 λόγος
1603 3417 1668 3483 τοῦ

325 3529 343 3583 d
361 3522 445 3587 θεοῦ
468 3521 702 3602 ζωοπλαστοῦν
726 3513 788 3586 τόν
809 3513 1008 3602 άνθρωπσν,
1031 3519 1107 3596 ποῦς
1127 3510 1202 3584 οίόν
1223 3517 1261 3583 τέ
1281 3510 1410 3583 ἐστιτὰ
1431 3518 1492 3602 μὲν
1508 3509 1666 3600 αίσχῦνης

362 3615 451 3701 ἄξια,
479 3618 542 3702 εἴγε
564 3612 777 3702 αἰσχύνεσθαί
801 3641 888 3701 φατε
909 3611 950 3684 τὸ
972 3624 1084 3697 θεῖον,
1112 3609 1348 3700 ἀποδέχεσθαι,
1377 3609 1420 3682 τά
1447 3616 1483 3682 δὲ
1506 3607 1666 3700 ἀμείνονα

361 3721 417 3785 καὶ
438 3711 640 3803 ἐνδοξότερα
662 3721 770 3786 ταῦτα
792 3718 1024 3801 ἐκφαυλίςετε;

310 3899 344 3955 30
444 3885 548 3950 ΜΑΡ.
596 3889 631 3951 Τι’
657 3881 744 3968 πρὸς
770 3877 811 3949 τό
838 3884 999 3968 τηλαυγὲς
1026 3884 1099 3949 τοῦν
1126 3883 1269 3967 γραφοῦν
1294 3871 1350 3948 ότι
1376 3871 1539 3964 σῦράνιον
1569 3883 1665 3966 σῶμα

362 3976 549 4067 φάσκουσιν
565 3977 796 4067 άνειληφέναι;
817 3979 936 4060 καθώς
951 3972 1217 4066 όεόαγγελιστής
1231 3972 1399 4064 Ἰωάννης
1421 3971 1525 4047 καὶ
1506 4005 1525 4049 ο
1546 3973 1665 4099 λόγος

362 4074 470 4168 σάρξ,
494 4088 604 4169 φησίν,
627 4084 788 4166 ἐγένετο
811 4083 874 4149 καὶ
898 4074 1125 4166 ἐσκήνωσεν
1146 4081 1188 4148 ὲν
1211 4073 1311 4166 ἡμῖν.

447 4235 694 4304 161s]1cor1
706 4236 798 4290 ιι.-
818 4232 916 4302 ιεσε]
935 4233 996 4286 σοι.
1010 4235 1038 4286 1.
1051 4233 1126 4287 3.-
1144 4228 1244 4300 εισι]
1261 4227 1404 4284 serem
1415 4231 1439 4286 5.
1451 4259 1486 4270 -
1504 4229 1602 4301 εισι]
1620 4231 1664 4287 ει.

361 4319 423 4375 118:
437 4321 477 4375 σε.
496 4350 529 4358 -
547 4319 646 4389 ιεγιι]
665 4319 733 4374 σοι.
745 4319 773 4373 2:
787 4319 810 4374 ι.
828 4347 862 4357 -
880 4316 979 4386 ισιιο]
998 4314 1059 4372 σο.
1072 4319 1100 4370 1:
1113 4318 1153 4372 ιε.
1172 4345 1205 4354 -
1223 4314 1322 4384 εσσε]
1341 4315 1403 4370 Joh.
1416 4320 1444 4371 1:
1457 4318 1499 4372 14.

447 4455 485 4512 12
503 4451 661 4526 ἀνθρώπου
679 4452 835 4524 γενομέναν
847 4452 932 4508 A¹FH
944 4451 1000 4506 Pie.
1016 4453 1020 4520 Ι
1037 4451 1076 4508 15
1088 4453 1246 4519 ζωοπλαστ.
1258 4451 1306 4506 ΔΒ
1316 4451 1355 4518 (in
1367 4451 1390 4505 B
1402 4450 1439 4505 ist
1450 4467 1468 4506 σ
1479 4451 1664 4522 ausgelassen)

361 4538 441 4607 Dm,
460 4541 623 4607 ζωοπλασθ.
642 4539 667 4594 d.
685 4539 744 4593 σοι.
762 4557 788 4595 u.
807 4539 834 4594 d.
852 4540 955 4608 Ausgg.
974 4538 979 4606 ί
998 4535 1113 4592 24—26
1132 4545 1165 4596 <
1182 4537 1243 4592 Rus.
1263 4538 1268 4604 Ι
1287 4537 1328 4594 28
1346 4531 1415 4605 εἴγε]
1436 4529 1493 4592 εἴτε
1510 4534 1664 4603 ABEFGH,

363 4623 528 4692 »siquidem«
547 4623 604 4678 Pio.
622 4623 681 4678 Per.
697 4625 701 4692 Ι
717 4624 757 4679 2⁹
776 4620 955 4694 ἐκφαυλίζετε
974 4622 999 4678 d.
1017 4621 1097 4691 HSS„
1115 4617 1333 4690 ἐκφαυλίζεσθαι
1351 4620 1377 4675 d.
1395 4622 1499 4691 Ausgg.
