3744 5524
323 479 362 541 92
889 478 1078 534 Adamantius.
1221 480 1261 534 De
1278 480 1308 534 1ο
1324 480 1383 535 Rue
1400 480 1426 534 Π
1443 480 1633 538 831d-832b.

287 648 305 701 d
407 641 473 706 ΑΔ.
516 644 639 724 Δεῖξον
660 647 765 708 ποίαν
785 647 897 710 κτίσιν
917 641 1039 731 καινὴν
1061 645 1204 726 ἔκτισεν,
1227 638 1249 731 ἢ
1270 663 1375 716 ποῖον
1396 640 1545 732 ούρανόν
1566 673 1634 715 και-

325 734 388 806 νὸν
418 731 439 824 ἢ
469 745 575 807 ποίαν
604 744 668 827 γῆν
698 736 833 826 καινήν,
863 761 966 812 ποῖον
996 748 1032 814 δὲ
1054 741 1247 832 ἄνθρωπον
1267 741 1396 815 καινόν.
1440 739 1525 833 ἢού
1547 763 1635 825 νοεῖς

325 829 380 906 ὅτι
415 841 476 926 τῆς
510 833 615 927 αὐτῆς
650 834 764 921 ούσίας
793 837 1006 932 ύφεστοάσης,
1042 841 1087 913 τά
1116 841 1245 912 παλαιά
1275 836 1505 931 άνανεούμενα
1534 842 1635 914 καινά

324 934 627 1026 προσαγορεύεται,·

292 1056 308 1108 5
409 1043 529 1106 EFTP.
577 1037 622 1108 Τά
651 1036 752 1108 καινά
782 1045 857 1108 τῶν
882 1046 1042 1110 παλαιῶν
1063 1036 1104 1111 ού
1125 1047 1204 1127 ξένα
1225 1047 1268 1128 τῇ
1289 1033 1353 1128 ύλη
1375 1037 1532 1131 ύπάρχει,
1564 1037 1634 1112 ούά

327 1131 504 1224 άλλὸτρια·
527 1132 575 1216 τάς
597 1140 700 1218 εἴτις
722 1135 882 1219 βούλοιτο
905 1137 946 1209 τὸ
969 1146 1172 1210 παλαιωθέν
1193 1147 1268 1211 τῶν
1290 1148 1422 1211 σκευῶν
1443 1137 1636 1211 ἀναπλάσαι

325 1242 382 1306 καὶ
413 1227 512 1318 αὖθις
541 1233 750 1325 χρησάμενος
780 1245 823 1326 τῇ
855 1244 957 1327 τέχνη
988 1233 1213 1311 άνασκευάσαι
1234 1245 1289 1308 καὶ
1311 1246 1551 1332 καινουργῆσαι
1572 1238 1636 1310 τὸν

327 1334 484 1425 ἄργυρον,
517 1331 557 1406 ού
583 1342 669 1422 λέξει
695 1341 795 1423 ξένον
822 1337 906 1408 είναι
937 1345 979 1426 τῇ
1006 1331 1070 1425 ὕλη
1092 1337 1134 1409 τὸ
1155 1339 1276 1411 καινὸν
1298 1345 1361 1410 τοῦ
1382 1347 1539 1410 παλαιοῦ.
1581 1346 1636 1409 καὶ

327 1431 370 1524 ἣν
401 1438 517 1520 ἔδοξας
544 1441 644 1524 ξένην
665 1443 720 1506 καὶ
741 1436 864 1526 καινὴν
885 1444 1071 1527 προφέρειν
1093 1432 1266 1525 άπόδειξιν
1286 1435 1505 1528 εὑρεθήσεται
1526 1441 1564 1509 έν
1585 1444 1635 1527 τῷ

276 1550 309 1604 10
327 1533 423 1623 νόμῳ
455 1539 675 1624 γεγραμμένη,
707 1542 762 1606 καὶ
789 1531 942 1626 άνόητον
964 1536 1005 1608 τὸ
1028 1543 1135 1625 λέγειν
1157 1543 1257 1624 ξένον
1278 1537 1364 1608 θεὸν
1384 1543 1440 1609 καὶ
1464 1543 1541 1624 ξένα
1563 1542 1637 1626 δογ-

327 1641 522 1723 ματίζοντα.

294 1863 309 1901 ε
409 1840 476 1904 ΑΔ.
519 1829 760 1924 Ἐκύηλότερον
782 1831 953 1923 ἐπιστήσει
975 1859 1011 1906 σε
1025 1842 1160 1918 Παῦλος
1182 1829 1238 1906 ὅτι
1259 1832 1430 1924 πλήρωμα
1452 1843 1515 1906 τοῦ
1531 1834 1638 1926 νόμου

328 1939 421 2005 ἐστὶν
442 1930 463 2022 ἡ
485 1928 611 2022 άγάπη·
633 1939 699 2016 καί,
722 1939 750 2003 εί
768 1931 890 2019 βούλει,
913 1929 1138 2025 ἀναγινώσκω
1161 1935 1226 2025 τὴν
1246 1934 1438 2024 περικοπὴν
1460 1929 1553 2006 ούτοι
1576 1932 1638 2022 φά-

328 2057 485 2114 σκοντος·
509 2031 550 2102 τὸ
567 2033 629 2122 γάρ
646 2029 692 2104 ού
714 2031 939 2119 φονεύσεις,
963 2031 1009 2106 ού
1023 2033 1258 2125 μοιχεύσεις,
1275 2042 1386 2125 φησίν,
1409 2032 1454 2106 ού
1475 2039 1638 2121 κλέψεις

279 2141 396 2204 Ιῡκαὶ
427 2137 460 2202 εί
491 2162 551 2214 τις
582 2132 699 2222 ἑτέρα
729 2131 893 2223 ἐντολή,
925 2138 967 2204 έν
998 2133 1129 2223 τούτῳ
1158 2133 1341 2226 τῷλόγῳ
1365 2130 1636 2221 ἀνακεφαλαι-

330 2239 462 2317 οῦται,
493 2238 535 2304 ἐν
566 2239 621 2322 τῷ
649 2228 878 2322 Ἀγαπήσεις
909 2233 982 2306 τὸν
1008 2241 1181 2322 πλησίον
1212 2255 1282 2304 σου
1312 2231 1365 2316 σάς
1395 2231 1575 2305 σεαυτόν.
1617 2229 1638 2322 ἡ

330 2328 460 2423 άγάπη
497 2341 554 2422 τῷ
590 2341 761 2421 πλησίον
797 2330 924 2404 κακὸν
961 2330 1033 2404 ούκ
1074 2330 1290 2422 ἐργάζεται.
1334 2330 1531 2423 πλήρωμα
1568 2335 1639 2405 οὐν

330 2430 454 2521 νόμου
476 2428 496 2522 ἡ
519 2429 657 2522 άγάπη.

414 2540 489 2602 MK.
534 2533 577 2604 Τὸ
600 2529 949 2621 ἇνακεφαλαιωθῆναι
973 2531 1068 2604 λύσιν
1090 2536 1189 2621 δηλοῖ
1209 2539 1272 2602 τοῦ
1292 2538 1469 2620 προτέρου.

258 2642 310 2697 832
414 2639 479 2700 ΕΡ
479 2640 536 2702 ΤΡ.
561 2628 705 2703 Ἤκουσα
719 2637 784 2702 τοῦ
799 2628 1005 2717 άποστύλου,
1025 2640 1030 2722 l
1048 2629 1218 2722 πλήρωμα
1233 2637 1296 2704 τοῦ
1311 2630 1419 2721 νόμου
1433 2629 1637 2719 φάσκοντος,

331 2738 359 2802 εί
381 2731 444 2819 γάρ
465 2731 507 2804 τὸ
530 2736 688 2803 ἐλλεῖπον
702 2737 903 2820 πληροῦται,
927 2729 989 2803 ούκ
1010 2727 1075 2820 ἤδη
1096 2730 1139 2803 τὸ
1158 2731 1269 2819 προόν
1285 2738 1383 2817 ξένον
1398 2736 1468 2802 έστλ
1483 2737 1548 2802 τοῦ
1569 2736 1637 2802 έπι-

330 2837 584 2920 πληρουμένου,
616 2828 703 2902 άλλά
736 2831 1020 2921 συγκιρνιύμενον,
1051 2838 1106 2901 καὶ
1136 2829 1177 2900 τὸ
1209 2828 1568 2919 άνακεφαλαιούμενον
1599 2827 1640 2901 ού

334 2938 433 3016 ξένον
454 2933 547 3001 ἔσται
568 2936 632 3002 τοῦ
653 2937 831 3018 προτέρου.

415 3036 482 3099 ΑΔ.
525 3028 748 3119 Σαφέστερόν
770 3053 806 3100 σε
827 3038 933 3102 πείσει
955 3024 974 3099 ὁ
997 3030 1112 3121 σωτὴρ
1133 3035 1171 3103 ἐν
1192 3038 1244 3122 τῷ
1267 3027 1466 3119 εὐαγγελίῳ,
1496 3042 1640 3119 προσελ-

281 3140 314 3192 25
332 3125 461 3211 θὸντος
483 3125 578 3219 αύτῷ
602 3125 708 3212 τινός·
740 3127 961 3202 Διδάσκαλε
984 3126 1122 3218 άγαθέ,
1148 3139 1188 3202 τί
1209 3127 1393 3220 ποιήσας,
1423 3138 1514 3218 φησί,
1535 3129 1641 3219 ζωὴν

332 3230 502 3300 αἰώνιον
523 3228 832 3318 κληρονομήσω
853 3228 939 3300 είπε
962 3235 1001 3300 δέ
1021 3226 1179 3320 Ἰησοῦς·
1202 3239 1240 3302 τί
1261 3258 1305 3319 με
1325 3235 1455 3318 λέγεις
1470 3225 1641 3319 άγαθόν;

332 3326 464 3411 οὐδεὶς
485 3324 637 3416 άγαθὸς
660 3334 693 3400 εί
713 3327 762 3419 μὴ
785 3328 841 3412 είς
863 3323 882 3399 ὁ
904 3326 1015 3411 θεός·
1037 3324 1056 3400 ὁ
1078 3335 1118 3399 δὲ
1141 3330 1228 3419 ἔφη·
1256 3328 1329 3412 τὰς
1350 3328 1520 3414 ἐντολάς
1541 3328 1641 3401 οἶδα·

331 3429 379 3519 νὴ
403 3426 613 3515 φονεύσας,
644 3427 693 3518 νὴ
715 3427 941 3518 μοιχεύσας,
972 3428 1021 3519 μὴ
1047 3435 1210 3515 κλέψας,
1241 3435 1337 3518 μηδὲ
1364 3435 1642 3518 ψευδομαρτυ-

333 3527 467 3618 ρήσης,
491 3535 583 3616 τίμα
598 3527 836 3617 τὸνπατέρα
859 3553 930 3599 σου
943 3527 1098 3619 καὶτὴν
1116 3534 1267 3618 μητέρα
1290 3552 1366 3600 σου.
1402 3536 1481 3614 καί,
1505 3538 1641 3619 φησίν,

262 3639 314 3694 30b
334 3635 460 3699 ταῦτα
480 3623 614 3697 πάντα
635 3626 813 3714 ἐφύλαξα
833 3632 876 3700 ἐκ
897 3624 1102 3717 νεότητος.
1132 3624 1304 3712 άκούσας
1319 3623 1480 3700 ταῦταὸ
1498 3624 1642 3718 Ἰησοῦς

335 3728 446 3816 εἶπεν
467 3722 588 3816 αὐτῷ·
611 3727 651 3798 έν
673 3750 736 3798 σοι
759 3733 898 3798 λείπει·
921 3725 1055 3800 πάντα
1076 3723 1149 3801 ὅσα
1170 3731 1272 3818 ἔχεις
1287 3730 1560 3818 πώλησονκαὶ
1575 3727 1642 3811 δὸς

334 3845 525 3914 πτωχοῖς,
552 3832 617 3896 καὶ
638 3825 739 3913 έξεις
761 3826 967 3918 θησαυρὸν
988 3834 1030 3900 ἐν
1052 3825 1220 3920 ούρανῷ.

418 3933 482 3996 Εἴ
483 3934 540 3997 ΤΡ.
573 3921 677 4019 Ὁρᾷς,
700 3933 825 4016 Μᾶρκε,
847 3925 980 4012 πάντας
995 3929 1075 4013 τούς
1089 3926 1260 4018 ἀκροατὰς
1275 3927 1474 4017 τεθηπότας
1493 3933 1548 4000 ἐπὶ
1570 3946 1644 4010 ταῖς

422 4081 539 4150 14-18]
549 4081 626 4137 Rom.
634 4085 677 4137 13:
690 4082 761 4147 9,10.
771 4113 803 4122 -
813 4083 933 4153 25-82]
946 4085 991 4140 Le.
1002 4085 1046 4140 18:
1057 4085 1166 4149 18—22,
1178 4084 1227 4139 Mt.
1239 4085 1283 4138 19:
1297 4084 1405 4149 16—21‚
1417 4083 1644 4139 Mc.10:17-21.

424 4218 438 4272 7
464 4213 661 4283 ἄνασκευάσας
683 4220 892 4290 καινουργῆσας
913 4220 962 4280 13¹.
990 4217 1187 4284 ἀνασκευάσας
1208 4219 1257 4273 καί
1278 4223 1483 4290 καινουργῆσαι
1504 4220 1535 4271 Δ.
1571 4215 1644 4270 viel·

334 4302 432 4358 leicht:
456 4301 655 4368 ἄνασκευάσας
671 4309 875 4373 καινουργῆσαι
899 4305 904 4372 l
930 4305 966 4360 17
987 4301 1230 4375 συνεργάζεταιΕ
1254 4304 1259 4371 Ι
1283 4303 1322 4359 21
1341 4301 1434 4375 προὸν
1452 4299 1572 4356 AODFH
1590 4301 1645 4355 Pio.

335 4387 449 4454 Humfr.,
462 4385 556 4458 πραὸν
566 4387 598 4453 Ε,
610 4385 704 4458 παρὸν
716 4387 743 4442 d.
753 4389 855 4457 Ausgg.
871 4389 876 4456 l
892 4387 930 4443 22
943 4385 1221 4459 έτιιτιληροιμένουΒ1
1237 4389 1242 4456 Ι
1258 4387 1297 4443 26
1310 4382 1327 4441 ὁ
1338 4381 1475 4455 ἸησοῦςῈ
1490 4389 1494 4455 Ι
1511 4387 1548 4442 27
1568 4379 1647 4451 οἶδας

336 4470 362 4525 d.
380 4471 452 4527 HSS.
489 4466 552 4527 οἶδα
575 4473 678 4543 richtig
700 4474 787 4540 Zahn,
815 4472 912 4526 Gaech.
930 4471 958 4525 d.
975 4472 1039 4526 N.T.
1057 4473 1170 4528 Kanons
1187 4473 1213 4525 Il
1236 4473 1262 4526 S.
1280 4473 1332 4526 484
1355 4471 1436 4527 Anm.
1465 4469 1530 4540 vgl.
1548 4469 1646 4542 Epiph.

335 4553 408 4612 κατὰ
421 4557 518 4626 Μαρκ.
536 4557 627 4613 schol.
640 4561 685 4614 50:
705 4559 754 4613 καί
766 4552 829 4612 ἀντὶ
841 4564 904 4611 τοῦ·
920 4555 985 4622 »τὰς
996 4554 1113 4622 έντολάς
1125 4551 1218 4622 οἶδας(
1233 4555 1321 4625 λέγει·
1337 4551 1403 4619 »τὰς
1415 4549 1532 4621 ἐντολὰς
1544 4549 1623 4611 οἶδαι
1641 4556 1645 4624 Ι

337 4641 374 4696 28
391 4660 421 4709 μ.
439 4640 594 4712 φονεύσεις,
612 4663 641 4710 μ.
659 4640 826 4712 μοιχεύσεις,
844 4661 874 4711 μ.
892 4642 1013 4714 κλέψεις,
1032 4661 1061 4711 μ.
1081 4642 1360 4713 ψευδομαρτυρήσεις
1377 4639 1422 4694 3¹.
