3744 5524
238 475 350 548 emper·
367 477 393 532 11
411 494 434 534 c.
453 479 494 533 15.
513 481 553 534 16.
834 479 944 550 Diclog.
1013 497 1018 520 ·
1506 489 1544 551 91

319 651 374 712 Ad.
395 651 435 711 d.:
466 644 525 710 Est
547 650 580 711 et
603 648 664 712 hcc
690 652 813 714 uestrae
840 647 1025 713 temeritatis
1055 647 1223 712 immutare
1245 648 1339 712 etiem
1361 648 1433 724 hcc,
1465 644 1548 713 sicut

238 750 360 811 caetere
393 745 521 811 fecistis.
573 744 635 810 Sed
668 750 818 829 procedet
853 747 885 812 in
920 747 1024 812 medio
1061 748 1222 830 apostolus
1259 751 1290 812 et
1324 747 1405 812 false
1443 752 1548 813 uestra

239 845 414 910 conuincet.

322 968 346 1010 c.
367 946 467 1017 XVI.
509 952 599 1012 More.
621 951 660 1010 d.:
682 945 938 1011 Manifestissime
960 945 1038 1011 dicit
1058 946 1209 1011 eeluetor:
1231 951 1409 1011 Mandatum
1430 969 1547 1011 nouum

204 1050 274 1110 cuo
295 1049 390 1110 uotis.
431 1043 551 1130 Utique
581 1067 701 1112 nouum
730 1046 830 1111 ueteri
856 1068 920 1110 non
942 1051 989 1110 est
1010 1045 1150 1128 eequule.
1192 1045 1280 1110 Dicit
1302 1045 1385 1109 enim
1407 1044 1547 1110 seluetor

239 1145 314 1228 quie
336 1147 373 1209 Si
393 1150 529 1210 mittatur
554 1151 667 1210 uinum
692 1169 811 1210 uocum
835 1151 870 1209 in
895 1156 976 1210 utres
997 1168 1108 1224 nouos,
1137 1155 1264 1228 utraque
1284 1149 1547 1210 amoenabantur.

238 1243 281 1309 Et
301 1243 428 1310 iterum:
458 1249 553 1309 Nemo
575 1251 672 1310 assuit
698 1256 909 1310 assumentum
925 1250 1026 1326 ραπππ·
1045 1249 1134 1308 rudr'e
1159 1249 1198 1308 ud
1217 1250 1429 1308 uestimentum
1449 1254 1546 1310 uetus.

238 1342 331 1408 Unde
358 1348 481 1409 constet
517 1345 592 1428 quie
622 1343 767 1410 Christus
794 1342 930 1426 expletio
957 1343 1036 1427 legis
1067 1366 1131 1408 non
1162 1349 1209 1408 est
1244 1364 1346 1427 neque
1377 1343 1547 1428 apostolus.

321 1448 377 1507 Ad
398 1448 439 1508 d.:
469 1442 649 1523 Peruidete‚
684 1465 813 1528 queeso,
847 1447 1010 1526 quomodo
1038 1466 1074 1508 ee
1105 1464 1185 1527 quoe
1214 1444 1295 1506 bene
1325 1442 1442 1526 scripte
1474 1447 1549 1508 sunt

190 1543 321 1608 romule
342 1543 463 1627 profert
483 1546 639 1626 captando
661 1565 828 1608 sermones.
870 1530 1033 1626 Iubelegi
1055 1541 1262 1627 euangelium,
1283 1547 1320 1606 ut
1340 1547 1549 1626 cognoscatur

241 1645 279 1706 de
301 1664 364 1725 quo
385 1647 534 1708 mundato
556 1664 641 1708 nouo
664 1643 803 1706 soluatur
824 1642 992 1725 praecepit

319 1747 406 1808 Euo.
428 1749 467 1808 d.:
496 1741 641 1826 Legatur.

321 1847 376 1907 Ad.
392 1847 431 1907 d.:
452 1841 582 1926 Legem.
611 1846 796 1920 Mandatum,
815 1841 927 1924 inquit,
948 1863 1067 1904 ποππππ
1084 1845 1120 1904 do
1134 1844 1233 1904 uobis:
1255 1845 1377 1922 Diluere
1390 1864 1448 1906 uos
1461 1847 1548 1906 inui-

240 1965 307 2017 cem,
328 1947 407 2007 sieut
425 1952 510 2024 puter
530 1947 632 2006 dilexit
652 1965 717 2006 uos.

190 2057 222 2109 15
321 2047 407 2107 Eutr.
429 2047 468 2106 d.:
502 2041 630 2108 Certum
662 2046 709 2107 est
740 2041 814 2124 quie
846 2041 1036 2106 decoritate
1065 2062 1184 2106 nouum
1211 2062 1244 2105 se
1266 2041 1343 2106 dicit
1364 2045 1438 2108 dere
1459 2065 1547 2108 mon-

118 2181 125 2192 ·
241 2143 356 2205 datum.

323 2245 377 2304 Ad.
400 2245 439 2304 d.:
461 2238 592 2306 Nouum
606 2263 669 2306 non
684 2241 884 2325 peregrinum
902 2246 949 2307 est
963 2246 995 2306 et
1009 2241 1147 2306 alienum
1162 2243 1202 2306 eb
1218 2264 1255 2307 eo
1271 2245 1356 2324 quod
1371 2245 1549 2325 praecessit

321 2344 412 2404 More.
433 2345 472 2404 d.:
498 2338 600 2404 Uetus
626 2341 808 2405 mundatum
830 2340 910 2426 legis
937 2346 984 2406 est
1010 2341 1171 2420 emeterio,
1198 2363 1317 2406 nouum
1344 2347 1450 2406 eutem
1472 2343 1549 2407 boni

240 2439 298 2503 dei.
341 2444 436 2504 Νππο
458 2441 551 2518 enim,
572 2438 685 2521 inquit,
706 2445 807 2503 assuit
824 2464 964 2521 paucum
984 2445 1089 2504 rudem
1109 2444 1149 2503 ud
1169 2447 1382 2506 uestimentum
1403 2451 1498 2506 uetus.

189 2551 223 2606 20
323 2544 378 2604 Ad.
399 2543 438 2604 d.:
468 2539 634 2616 Quomodo
656 2560 758 2604 nouus
780 2561 902 2622 pennus
924 2540 1057 2606 eueteri
1072 2538 1194 2604 alienus
1210 2541 1370 2605 uidebitur
1385 2545 1439 2604 eut
1452 2540 1549 2624 longe

240 2637 429 2721 discrepans,
451 2659 524 2703 cum
545 2639 655 2723 utique
677 2660 740 2703 une
762 2643 857 2722 etque
880 2642 990 2705 eedem
1011 2640 1172 2704 inderetur
1192 2639 1226 2703 in
1245 2644 1382 2722 utroque
1404 2642 1548 2704 substen-

239 2737 290 2816 ria,
314 2737 388 2822 quie
408 2741 578 2822 utrumque
600 2759 639 2802 ex
658 2737 732 2802 lene
752 2738 876 2822 pecoris
898 2742 1023 2805 constet
1038 2761 1105 2804 esee
1125 2743 1307 2805 contextum
1321 2738 1399 2803 etin
1414 2743 1549 2822 utroque

238 2859 336 2901 unum
358 2858 437 2920 opus
459 2860 526 2904 esse
545 2838 682 2904 textrini.
724 2836 790 2903 lem
815 2861 890 2904 uero
916 2839 985 2904 uini
1010 2840 1131 2922 species
1158 2838 1228 2922 quis
1255 2837 1380 2903 dubitet
1405 2839 1492 2922 quod
1518 2842 1549 2902 et

239 2939 314 3002 noui
341 2941 372 3001 et
397 2937 512 3002 ueteris
535 2960 598 3001 une
624 2939 796 3022 eademque
822 2939 864 3002 sit
890 2943 921 3002 et
946 2943 1081 3023 utreque
1105 2942 1144 3003 de
1170 2939 1255 3003 uite?
1297 2937 1340 3003 Et
1360 2937 1427 3020 <ut>
1449 2939 1548 3002 meni-

187 3048 221 3103 25
239 3036 349 3102 festius
378 3058 486 3102 omnes
515 3036 703 3121 intellegunt
734 3039 892 3121 quomodo
919 3039 953 3102 in
978 3038 1065 3105 nullo
1092 3061 1111 3102 e
1135 3059 1169 3103 se
1196 3037 1352 3121 discrepet
1376 3043 1547 3122 utrumque

239 3139 430 3216 mandatum,
452 3159 490 3202 ex
513 3159 549 3202 eo
572 3140 657 3221 quod
676 3137 871 3203 dictumest:
890 3143 1070 3204 Mandatum
1088 3160 1205 3203 muron
1220 3143 1256 3202 do
1270 3142 1356 3202 uobis
1369 3149 1405 3202 ut
1416 3143 1548 3202 inuicem

239 3241 383 3317 didiceris,
414 3237 487 3322 lego
510 3241 541 3302 et
567 3261 604 3302 ee
639 3259 721 3321 quae
746 3238 780 3302 in
800 3237 871 3322 lege
898 3238 1014 3320 scripte
1040 3242 1126 3303 sunt:
1157 3242 1283 3318 Ditem,
1312 3237 1430 3321 inquit,
1460 3242 1548 3302 mum

239 3341 398 3400 dominum
421 3348 505 3401 tuum
532 3361 566 3402 ee
589 3348 645 3402 toto
667 3343 750 3402 corde
772 3347 836 3414 tuo,
866 3341 897 3401 et
918 3339 1102 3402 secundum:
1124 3348 1150 3401 et
1163 3343 1339 3418 promimum
1363 3347 1451 3402 tuom
1472 3342 1549 3402 sieut

240 3446 265 3500 te
285 3441 397 3518 eperum.

188 3545 223 3599 30
321 3541 411 3600 Mure.
437 3540 476 3600 d.:
510 3533 676 3612 Quomodo
698 3556 774 3620 ergo
797 3537 960 3619 apostolus
984 3536 1072 3602 dicit:
1104 3540 1140 3602 Sa·
1160 3559 1220 3618 qua
1240 3541 1275 3600 iu
1303 3541 1435 3615 Christo,
1465 3559 1549 3602 nouo

237 3647 384 3714 ereatura3
405 3645 503 3701 uetera
524 3643 717 3714 transierum,
739 3659 798 3700 ecce
818 3641 898 3716 sucta
919 3646 991 3701 eunt
1012 3640 1115 3700 omnio
1133 3643 1241 3702 curru?

323 4301 340 4357 2
363 4303 428 4358 Cod.
446 4303 577 4374 procedit
606 4303 661 4357 Der
683 4320 723 4373 gr.
741 4303 771 4357 T.
789 4303 900 4375 παρίτω
923 4305 928 4364 Ι
952 4304 982 4358 in
999 4303 1100 4372 medio]
1120 4300 1268 4358 Vielleicht
1289 4303 1327 4357 iet
1351 4301 1472 4356 »medic«
1496 4319 1548 4356 nur

239 4386 485 4444 Schressrvereehen
497 4389 555 4442 fiir:
569 4385 701 4454 »medio«,
714 4387 781 4443 oder
793 4387 846 4442 eoll
857 4387 906 4442 der
914 4385 1004 4442 Strieh
1015 4387 1083 4442 dber
1094 4405 1142 4442 ›o‹
1154 4387 1295 4457 anzeigen,
1309 4389 1372 4442 dees
1386 4384 1548 4450 »medium«,

238 4470 316 4526 nieht
335 4472 457 4528 ›medio‹
478 4491 511 4528 zu
528 4472 605 4527 leeen
622 4473 662 4526 eei
685 4473 690 4540 Ι
714 4471 925 4528 BCouuincut?
953 4472 1032 4528 Doch
1048 4471 1086 4526 iet
1104 4488 1133 4526 ee
1150 4471 1229 4526 nicht
1246 4471 1347 4542 gerede
1364 4469 1445 4540 eucig
1464 4487 1495 4526 uc
1513 4487 1547 4524 zu

238 4555 315 4612 leeen
337 4557 342 4625 Ι
366 4557 403 4614 21
430 4557 495 4612 cod.
513 4555 648 4612 indiretur
667 4557 671 4625 Ι
691 4556 730 4612 22
749 4556 814 4612 Ood.
833 4558 963 4624 utrosque
982 4558 986 4624 Ι
1007 4555 1094 4622 24125
1114 4555 1180 4612 Ood.
1198 4555 1236 4611 Et
1257 4553 1429 4610 manifestius
1453 4569 1548 4610 omncs

238 4640 426 4712 intellegunt!
443 4641 480 4699 27
500 4641 576 4711 lego]
595 4640 660 4697 Ood.
678 4641 740 4711 lege
756 4642 760 4710 Ι
776 4640 885 4711 diliges]
904 4640 969 4696 Cod.
988 4640 1089 4711 diligis,
