3744 5528
335 497 394 560 220
893 487 1081 544 Adamantius.
1281 488 1322 543 De
1340 489 1369 543 la
1386 487 1444 544 Rue
1462 489 1487 544 V
1504 491 1640 547 8632-st

418 658 485 723 ΑΔ.
529 655 568 722 Ol
594 653 639 742 μὴ
666 658 829 735 νοοῦντες
855 649 898 722 τά
920 648 987 721 ῦπὸ
1011 657 1073 722 τοῦ
1095 646 1291 723 ἀποστόλου
1313 659 1447 742 νοητῶς
1468 649 1640 743 λεγόμενα,

296 762 447 838 σψιλοῑς
469 770 542 834 τοῖς
563 749 729 841 γράμμασι
750 757 989 842 προσέχοντες,
1018 755 1220 821 ἐκπίπτουσι
1242 755 1303 838 τῆς
1325 747 1494 840 ἀληθείας.
1537 749 1641 844 όγάρ

335 847 529 932 ἀπόστολος
558 849 665 940 σάρκα
694 858 749 922 καὶ
780 851 859 940 αίμα
889 845 1047 939 ὀνομάζει
1078 849 1139 931 τὰς
1170 849 1305 940 αἰσχράς
1335 860 1390 920 καί
1422 850 1642 939 φαυλοτάτσς

335 949 481 1041 πράξεις,
506 951 586 1033 τοῦς
610 952 653 1021 τά
667 948 807 1040 σαρκικὰ
823 955 1039 1038 φρονοῦντας
1053 949 1232 1038 σαρκικοῦς
1247 957 1374 1035 καλοῦν,
1397 951 1478 1032 τούς
1493 955 1528 1021 δέ
1542 980 1642 1023 πνευ-

302 1049 458 1138 οματικά
478 1047 698 1137 πράττοντας
719 1047 973 1138 πνευματικοός.
1011 1053 1091 1136 φέρε
1106 1047 1147 1138 δὴ
1170 1046 1276 1122 αὐτόν
1296 1072 1349 1120 σοι
1364 1049 1428 1122 τὸν
1444 1046 1642 1122 ἀπόστολον

335 1146 544 1240 παραστήσω
567 1157 685 1237 σαφῶς
707 1155 852 1238 λέγοντα
874 1147 1053 1238 σαρκικοῦς
1068 1147 1148 1231 τούς
1169 1147 1315 1237 μὴκατὰ
1330 1158 1445 1222 πίστιν
1466 1163 1642 1222 πολιτευο·

335 1255 468 1339 μένους,
500 1243 590 1322 ἀλλὰ
618 1247 715 1339 τάφῳ
743 1256 799 1319 καὶ
824 1245 965 1338 πράξεσι
992 1266 1166 1337 σαρκικοῖς
1186 1254 1418 1338 κεχρημένους.
1460 1257 1518 1320 καί
1539 1275 1643 1339 φησιν

335 1345 440 1420 οῦτω·
464 1351 530 1419 ίνα
551 1349 597 1420 τὸ
619 1354 817 1437 δικαίωμα
838 1353 910 1419 τοῦ
934 1344 1059 1437 νόμου
1074 1354 1274 1437 πληρωθῇ
1290 1344 1572 1437 ένῆμῑν<τοῑς>
1592 1349 1642 1438 μὴ

333 1446 435 1519 κατὰ
457 1446 584 1538 σάρκα
605 1454 915 1538 περιπατοῦσιν,
943 1443 1045 1520 ἀλλὰ
1067 1447 1169 1518 κατὰ
1190 1453 1353 1536 πνεῦμα
1391 1451 1427 1519 οἱ
1449 1447 1521 1538 γάρ
1542 1449 1642 1518 κατά

284 1572 317 1625 10
334 1545 459 1638 σάρκα
480 1554 806 1636 περιπατοῦντες
828 1545 875 1617 τά
898 1553 968 1636 τῆς
987 1544 1135 1636 σαρκός
1157 1553 1399 1636 φρονοῦσιν,
1423 1551 1459 1619 οί
1481 1553 1522 1619 δὲ
1542 1548 1643 1620 κατά

299 1679 314 1716 e
333 1653 488 1738 πνεῦμα
504 1646 552 1718 τά
573 1653 645 1718 τοῦ
659 1645 899 1736 πνεύματος·
919 1645 966 1716 τὸ
982 1645 1054 1737 γάρ
1070 1643 1256 1736 φρόνημα
1276 1652 1346 1735 τῆς
1361 1646 1506 1737 σαρκὸς
1521 1649 1643 1738 ἔχθρα

335 1743 517 1830 είςθεόν,
541 1743 1511 1868 τὸδὲφρόνηματοῦπνεῦματοςςωὴκαὶείρὴνη.
1533 1743 1644 1836 ῦμεῐς

333 1850 373 1916 δε
389 1875 461 1916 ουκ
467 1849 767 1942 ἑστεένσαρκί
784 1841 867 1918 ἀλλ’
883 1843 1145 1965 ένπνεῦματι.
1172 1840 1430 1934 ἀποκρινάσθω,
1447 1843 1498 1927 οίς
1513 1844 1642 1936 ἐγράφη

335 1951 443 2016 ταῦτα
458 1943 523 2035 άρα
537 1943 679 2062 άσαρκοι
693 1937 795 2035 ἧσσν;
809 1952 865 2015 καί
876 1941 995 2017 πάλιν·
1011 1941 1113 2033 γάλα
1127 1942 1215 2036 γάρ,
1226 1943 1371 2034 φησίν,
1350 1951 1447 2034 υμᾶς
1462 1943 1643 2025 ἐπότισα,

283 2060 379 2115 15ου
370 2041 553 2133 ’βρῶμά
576 2037 687 2117 οῦπω
710 2041 1052 2134 γάρήδῦνασθεᾋ
1036 2042 1190 2133 ετιγάρ
1213 2052 1397 2132 σαρκικοί
1419 2039 1563 2116 ἐστε·“
1543 2075 1645 2118 σπου

334 2173 406 2234 γαρ
429 2140 512 2213 ἐν
491 2163 584 2234 υμῖν
606 2173 688 2233 ερις
713 2151 778 2214 καί
805 2150 1054 2233 διχοστασία,
1086 2151 1170 2231 ουχι
1192 2147 1413 2234 σαρκικοί
1419 2168 1502 2229 στε;
1532 2138 1645 2234 (όταν

334 2242 405 2332 γάρ
429 2249 523 2332 λέγη
546 2267 619 2325 τις·
641 2244 716 2332 ἐγώ
739 2249 810 2333 μέν
831 2249 909 2332 είμι
927 2241 1142 2327 Παυλου
1125 2271 1263 2333 ετερος
1285 2249 1337 2314 δέ·
1360 2245 1434 2332 έγά
1449 2241 1643 2364 Ἀπολλώ,

334 2340 421 2431 ουχὶ
448 2341 664 2433 ἄνθρωποί
691 2347 793 2426 ἑστε,·
800 2345 916 2461 *)κ”αί
943 2339 1063 2415 πάλιν
1093 2371 1162 2414 οτε
1184 2370 1256 2432 γαρ
1279 2371 1348 2432 ητε
1370 2347 1565 2434 ἐνσαρκί
1597 2345 1643 2416 τά

333 2439 553 2564 παθηματα
589 2469 674 2512 των
706 2437 931 2564 άμαρτιοῦν,
968 2441 1015 2513 τά
1048 2441 1111 2512 διά
1143 2449 1213 2532 τῆς
1241 2439 1404 2565 σαρκός,
1442 2447 1643 2565 ένεργεῑτο

262 2545 380 2612 2οι1έν
414 2538 520 2629 ῦμῐν·
565 2547 638 2630 νῦν
677 2546 717 2611 δὲ
758 2538 829 2613 οῦκ
871 2545 959 2612 ἐστὲ
998 2547 1041 2613 έν
1081 2548 1194 2630 σαρκὶ
1230 2535 1313 2614 ἀλλ’
1349 2547 1392 2613 έν
1430 2543 1642 2633 πνεύματι,

336 2648 449 2712 καίτοι
476 2637 539 2712 οῦκ
567 2637 834 2730 ἀπεκδυσάμενοι
861 2641 926 2730 τὴν
952 2638 1066 2728 σάρκα.
1109 2638 1225 2712 πάντα
1251 2641 1314 2731 γάρ
1342 2648 1450 2713 ταῦτα
1476 2647 1644 2715 δείκνυσιν

337 2735 393 2812 ότι
428 2737 535 2830 σάρκα
570 2747 657 2830 λέγει
693 2739 759 2830 τὴν
794 2737 958 2831 σάρκινόν
993 2767 1031 2810 τε
1060 2745 1117 2811 καὶ
1148 2739 1307 2830 πονηράν
1342 2735 1566 2831 ἀναστροφὴν
1596 2739 1644 2824 (ῦς

421 2911 524 2982 8-18]
543 2912 620 2968 Rom.
631 2913 660 2966 8:
672 2913 748 2977 4-6,
761 2913 785 2966 9.
802 2941 835 2950 -
850 2910 970 2981 14-18]
989 2915 1003 2966 1
1018 2911 1077 2966 Cor.
1090 2912 1119 2966 3:
1132 2913 1208 2968 2-4.
1220 2943 1254 2952 -
1268 2912 1390 2983 18—20]
1408 2913 1484 2969 Rom.
1497 2917 1524 2968 7:
1537 2917 1561 2982 5,
1579 2916 1607 2970 8:
1619 2917 1644 2970 9.

423 3047 441 3102 2
461 3044 477 3101 ὁ
494 3044 550 3119 γάρ
568 3043 729 3111 ἀπόστολος
745 3041 811 3115 κτλ]
824 3046 917 3106 neth.
928 3048 965 3103 B.
978 3045 1009 3103 S.
1023 3047 1095 3118 227,
1112 3047 1138 3100 d.
1153 3046 1220 3102 slav.
1232 3036 1328 3104 Ubere.
1349 3048 1399 3102 »da
1415 3049 1520 3117 ιίομμιίί
1537 3048 1644 3103 Ρίείεσίι

339 3132 496 3186 ιυνείοπιίσιι
517 3131 601 3198 wint,
628 3131 729 3186 εωυοίιί
751 3148 811 3184 vom
834 3131 943 3184 Ρίείεσίι
964 3132 1007 3184 als
1033 3149 1084 3185 σσκ
1109 3131 1292 3199 μίαάισίιίίσίιειι
1315 3131 1527 3200 Ησπιίίιιιιρεηι,
1550 3134 1576 3189 S.
1594 3133 1644 3190 229

340 3216 447 3270 »Duker
462 3215 510 3270 λαί
527 3215 599 3269 auch
616 3215 663 3269 dor
680 3215 805 3284 Apostel:
829 3215 938 3268 Flet'sch
961 3217 1019 3270 und
1034 3215 1100 3270 Βίιιί
1117 3217 1193 3270 kann
1213 3216 1263 3270 ιίαε
1281 3215 1365 3270 Reid.
1388 3217 1478 3271 θοίίεε
1496 3218 1573 3272 nicht
1589 3235 1644 3272 em·

333 3303 467 3370 psanqen,
486 3300 561 3352 πέσλί
578 3317 630 3354 von
646 3301 748 3354 diesem
766 3298 873 3353 Fleisck
888 3304 988 3367 μεεσηί,
1008 3299 1126 3354 εοπιίετιι
1143 3317 1194 3353 νοκ
1212 3299 1264 3354 den
1282 3300 1384 3355 [πλείονι
1402 3303 1448 3357 des
1465 3301 1616 3356 Βίείειίιεει
1640 3303 1644 3368 Ι

340 3387 353 3441 7
369 3384 470 3458 πράξει
482 3384 530 3440 ΒΕ
546 3386 551 3452 1
567 3384 585 3438 8
598 3391 658 3448 τοῖς
670 3383 799 3450 ABDFH,
811 3393 845 3443 <
856 3384 882 3438 d.
891 3383 949 3438 ssbr.
966 3386 970 3451 Ι
987 3385 1023 3440 17
1037 3383 1105 3453 λέγῃ
1116 3384 1211 3439 ABCD
1224 3385 1268 3451 (w.
1278 3401 1301 3439 ε.
1312 3386 1379 3452 sch.)
1391 3385 1424 3450 Η,
1441 3383 1517 3455 λέγει
1529 3385 1625 3442 mbr.
1640 3387 1643 3453 λ

339 3470 452 3526 16-18
464 3469 533 3523 Daue
550 3468 623 3524 dione
635 3468 681 3522 bei
693 3467 754 3521 Rus.
768 3467 977 3538 ausgelassenen
990 3466 1088 3522 Worbe
1102 3469 1167 3522 εσσε
1178 3468 1247 3534 sind,
1261 3469 1329 3539 ηελλ
1340 3485 1389 3524 αυτ
1408 3471 1465 3534 »τίς
1478 3467 1533 3541 γάρ
1546 3466 1649 3541 άγνοει·

336 3551 407 3609 mk«
428 3553 518 3623 einige
537 3552 628 3608 Zeilen
648 3551 744 3606 weiter
765 3553 871 3608 hervor.
906 3551 931 3606 S.
949 3551 994 3606 die
1012 3553 1092 3607 Anm.
1111 3572 1134 3607 τ.
1152 3552 1178 3605 d.
1198 3552 1247 3608 lat.
1265 3553 1295 3608 T.
1316 3555 1321 3622 Ι
1343 3553 1381 3610 18
1400 3549 1560 3627 ἄνθρωποι]
1579 3573 1643 3625 σσρ-

336 3639 412 3693 κικοί
424 3638 450 3691 (1.
462 3637 533 3693 HSS.
563 3638 632 3692 Dans
648 3631 800 3709 άνθρωποι
813 3653 847 3689 zu
858 3635 934 3690 lesen
950 3637 997 3703 sei,
1016 3635 1124 3706 ergiebt
1141 3637 1199 3692 sich
1212 3654 1261 3692 aus
1279 3637 1333 3692 den
1345 3637 1471 3694 Worton:
1491 3633 1535 3693 ὅτι
1553 3637 1644 3711 σάρκα

337 3719 413 3792 λέγει
429 3721 480 3789 τὴν
499 3719 634 3794 σάρκινόν
645 3740 677 3778 τε
689 3723 738 3776 καί
750 3717 879 3792 πονηράν
891 3716 1084 3793 ἀναστροφήν,
1101 3715 1142 3787 ὡς
1153 3724 1202 3776 καί
1214 3717 1378 3794 ἄνθρωπον.
1408 3721 1460 3777 Die
1472 3721 1530 3778 drei
1541 3723 1644 3779 lotzten

339 3805 434 3861 Worte
452 3806 514 3860 sind
531 3804 646 3874 Πασίαν,
665 3823 746 3861 wenn
762 3805 841 3858 nicht
860 3798 1044 3876 »άνίλρωπσςι
1065 3807 1227 3877 vorangoht.
1257 3807 1311 3861 Der
1323 3807 1396 3861 Verf.
1415 3809 1485 3877 sagt,
1503 3825 1584 3863 wenn
1600 3809 1646 3864 ioh

337 3890 415 3946 πίοσί
436 3890 502 3955 irre,
526 3891 588 3946 dass
609 3889 659 3946 der
676 3888 791 3961 Apostel
813 3888 861 3942 der
877 3886 1018 3960 ’σάρκινός
1034 3907 1065 3945 τε
1087 3892 1136 3944 καί
1154 3889 1265 3964 πονηρὰ
1284 3889 1450 3962 ἀναστροφὴ
1469 3891 1522 3948 den
1539 3891 1646 3946 Namen

337 3974 410 4046 σάρξ
426 3975 542 4046 boilegt,
566 3969 606 4041 ίυς
627 3976 676 4030 καί
698 3969 854 4044 ἄνθρωπον
873 3973 919 4042 (ευ
938 3971 1025 4042 αὐτην
1043 3974 1140 4045 λέγει),
1162 3976 1200 4028 nl.
1219 3977 1249 4029 in
1271 3975 1320 4030 der
1341 3975 1470 4030 οίάετίεο
1486 3974 1646 4032 Bibelstelle

338 4059 425 4116 lcor.
438 4063 504 4116 3:4.
540 4059 576 4114 Ει
595 4077 668 4114 muse
691 4058 919 4128 hervorgehoben
936 4058 1059 4124 werden,
1087 4060 1149 4113 dm
1169 4077 1205 4114 an
1223 4059 1311 4114 dieser
1329 4058 1414 4114 Stella
1431 4053 1582 4131 ἄνθρωποι
1602 4060 1646 4116 die

336 4163 381 4200 am
400 4145 516 4200 meisten
531 4143 712 4215 boglaubigte
724 4144 779 4197 LA.
797 4142 841 4208 ish,
863 4143 927 4198 dass
945 4145 1012 4199 aber
1023 4143 1114 4214 einige
1129 4143 1212 4199 Codd.
1226 4145 1357 4216 σαρκικοί
1370 4143 1462 4199 haben
1477 4145 1481 4212 Ι
1497 4143 1535 4200 21
1554 4145 1646 4200 καίτοι

336 4228 389 4285 οίκ
411 4227 554 4298 ἀπεκδυσ]
579 4229 649 4284 Zwei
672 4228 720 4283 der
741 4228 867 4284 citierten
890 4227 1082 4292 Bibelstellen‚
1107 4229 1314 4296 Rom.8:4—9‚
1337 4231 1394 4285 725
1416 4228 1509 4284 finden
1530 4227 1581 4282 wir
1601 4228 1646 4282 bei

337 4314 423 4370 Moth.
442 4315 542 4384 gendo
561 4332 595 4368 zu
612 4313 772 4368 demselbon
784 4312 1029 4377 Zweckebenutzt,
1049 4313 1074 4367 S.
1089 4315 1146 4382 179,
1166 4314 1223 4370 180.
1254 4313 1333 4368 Danu
1350 4313 1434 4384 folgt:
1453 4311 1578 4383 πότερον
1596 4305 1647 4368 οὖν

337 4397 387 4468 ἢδη
410 4396 554 4464 άναλάσας
577 4395 594 4452 ό
616 4395 777 4462 άπάστσλος
799 4393 833 4465 ἦν
856 4392 888 4450 έκ
910 4403 963 4451 τοτ’·
978 4397 1042 4468 βίον
1064 4399 1112 4453 καί
1130 4392 1173 4463 οίς
1190 4405 1279 4454 ταῦτα
1298 4394 1475 4464 ἐπέστελλεν,
1497 4395 1579 4468 εἰμὴ
1597 4399 1648 4466 τὴν

336 4480 409 4538 κατά
428 4481 521 4554 σάρκα
539 4491 589 4538 νῦν
606 4490 760 4554 παρῃτεῖτο
778 4482 932 4544 πολιτείαν,
951 4478 1023 4537 ἀλλὰ
1039 4483 1090 4550 τὴν
1108 4481 1208 4554 σάρκα,
1227 4477 1302 4552 ηέτι
1320 4479 1351 4538 έν
1368 4479 1515 4552 σαρκίῆη
1534 4475 1595 4538 ἀλλ’
1614 4479 1647 4537 ἐν

336 4569 469 4639 σαρκίι
438 4569 476 4636 μὴ
496 4562 564 4624 άντα
583 4566 670 4623 αὐτὸν
686 4563 889 4622 ἐπεσταλκέναι
899 4583 988 4620 ταντα
1001 4564 1035 4621 σι’
1052 4566 1174 4632 λεκτέον,
1193 4565 1386 4640 φανερὸνγὰρ
1405 4562 1449 4622 οτι
1466 4563 1500 4637 ἦν
1518 4562 1548 4622 έν
1562 4568 1645 4638 σαρκί

334 4652 383 4705 καί
401 4649 486 4717 αὐτὸς
502 4655 552 4707 καί
570 4646 613 4719 οίς
630 4660 771 4708 tas-tan
736 4647 771 4706 έπ
773 4649 910 4706 έστελ.λεν
