3744 5528
209 445 320 518 (1000001
338 444 363 499 V
382 463 403 500 0.
422 448 497 503 7-9.
806 448 915 521 Dialog.
1456 459 1513 521 191

210 615 378 693 descendit,
404 615 633 698 immaculatus,
648 617 866 684 ¹immutabilis
891 641 1088 702 permanens,
1112 617 1180 702 ipse
1201 641 1308 684 000000
1331 620 1515 686 ascenderit.

211 713 295 782 Uere
317 716 400 781 enim
420 717 489 800 ipse
511 717 566 800 qui
587 720 790 784 descenderat
811 723 843 783 et
863 719 1011 797 ascendit,
1032 719 1112 784 nihil
1133 719 1220 784 aliud
1242 719 1380 786 effectus.

294 838 319 881 0
339 817 446 884 VIII.
474 821 561 883 01010.
575 822 615 882 d:
637 816 833 883 Testimonia
854 818 983 902 quidem
1005 823 1233 904 consequenter
1251 820 1400 884 uidentur
1421 843 1516 905 expo-

210 917 280 984 sita
313 914 539 982 Uerumtamen
564 916 638 982 uolo
665 921 701 982 ut
726 920 765 981 de
786 918 845 984 000
871 919 1055 1001 quaestione
1080 921 1172 985 ambo
1198 924 1320 986 uestras
1346 923 1516 986 sententias

176 1015 364 1082 ostatuatis.

292 1120 347 1181 Ad
362 1120 401 1180 cl:
422 1111 565 1180 Uerbum
580 1116 746 1189 didicimus
767 1118 963 1184 descendisse
979 1119 1017 1183 de
1039 1117 1126 1184 coelo
1142 1122 1173 1184 00
1194 1118 1378 1184 assumsisse
1393 1141 1518 1186 carnem

213 1239 252 1282 ex
271 1213 474 1280 immaculata
487 1213 618 1298 0100100
640 1221 800 1282 natumst
821 1239 859 1284 ex
880 1217 994 1300 spiritu
1015 1221 1132 1284 000000.
1160 1217 1224 1284 Hic
1245 1218 1395 1284 sustinuit
1408 1240 1518 1285 omnes

213 1316 366 1380 humanas
387 1312 558 1398 passiones,
579 1319 616 1379 ut
636 1314 779 1382 homines
800 1317 944 1383 saluaret

294 1421 370 1481 Mor.
391 1419 431 1481 ol:
466 1419 583 1492 Optima
624 1413 704 1480 Cum
739 1435 814 1501 ergo
846 1421 1007 1500 pateretur
1036 1417 1145 1494 homo,
1176 1439 1273 1501 quem
1302 1418 1341 1481 00
1373 1439 1410 1483 00
1441 1419 1519 1485 (11010

164 1521 198 1576 10
216 1519 400 1593 assumtum,
421 1516 528 1580 aderat
549 1515 644 1580 etiam
665 1517 798 1605 uerbum
820 1516 923 1594 simul
944 1539 985 1582 00
1004 1519 1089 1582 non?

296 1621 383 1680 00010.
404 1619 444 1679 d:
466 1614 572 1681 Etiam
593 1619 629 1681 tu
651 1637 771 1698 expone
792 1616 879 1699 prius
901 1616 1087 1681 sententiam
1106 1617 1202 1680 tuam

297 1719 350 1780 Aa
371 1719 411 1780 d:
437 1713 571 1800 Indulge
596 1715 674 1780 mihi
699 1714 787 1798 prius
812 1717 1001 1798 respondere
1027 1714 1150 1779 adhoc
1176 1717 1262 1798 quod
1286 1717 1459 1799 proposuit
1489 1721 1521 1782 et

215 1812 261 1878 100
281 1820 417 1897 exponat
438 1815 624 1880 sententiam
639 1837 736 1880 suam
763 1813 884 1880 Aderat
898 1815 1026 1900 quidem
1040 1816 1172 1879 uerbum
1194 1816 1252 1895 dei,
1275 1836 1347 1880 eum
1360 1820 1520 1898 pateretur

215 1914 249 1978 id
269 1916 356 1999 qnod
373 1914 523 1997 passibile
542 1919 609 1980 erat
626 1914 660 1980 in
675 1913 807 1991 Christo,
829 1913 884 1978 sed
903 1915 956 1992 ita,
978 1913 1060 1979 siout
1074 1917 1222 1980 adamans
1237 1914 1360 1980 malleis
1378 1916 1523 1981 tunditur

166 2015 198 2068 15
217 2017 248 2078 00
268 2036 332 2080 000
347 2012 450 2080 solum
470 2014 538 2097 ipse
559 2018 720 2098 permanet
734 2013 942 2096 incorruptus,
963 2035 1075 2089 aerum
1096 2014 1284 2081 econtrario
1299 2035 1413 2079 noxam
1428 2016 1523 2080 sentit

216 2114 318 2198 00ος10
339 2113 393 2177 1110
415 2113 471 2197 001
491 2116 645 2179 00000000.
680 2112 833 2178 Similiter
853 2117 885 2177 00
905 2112 1078 2178 amiantum
1100 2135 1171 2178 cum
1197 2113 1265 2198 igni
1285 2113 1428 2186 00001000.
1453 2136 1523 2197 per-

216 2217 322 2278 manet
347 2213 571 2296 incorruptum,
597 2211 714 2278 00010
736 2213 843 2296 011000
868 2234 996 2295 prorsus
1021 2212 1105 2296 ignis
1132 2212 1318 2278 detrimenta
1342 2215 1523 2297 perpetitur.

218 2311 280 2378 Sed
300 2335 339 2377 ne
360 2312 443 2397 ignis
466 2314 593 2396 quidem
614 2311 681 2395 ipse
707 2311 814 2396 gladio
835 2316 938 2377 sectus
961 2311 1065 2376 dirimi
1084 2315 1197 2394 potest
1233 2310 1353 2389 Quodsi
1374 2313 1523 2378 materiae

219 2411 395 2496 corporales
417 2411 487 2477 eliis
508 2411 713 2476 nihilominus
736 2411 900 2477 contrariis
921 2411 982 2476 sibi
1002 2410 1141 2477 materiis
1163 2413 1272 2476 cedere
1294 2411 1446 2491 nesciunt,
1466 2433 1524 2478 000

167 2518 202 2574 20
218 2511 333 2576 0000001
362 2513 401 2576 00
432 2511 477 2576 010
504 2515 648 2594 possunt,
679 2510 791 2576 autin
821 2510 928 2596 011000
954 2532 1082 2593 prorsus
1108 2509 1158 2574 sui
1184 2511 1371 2575 detrimenta
1401 2511 1525 2590 0000100,

219 2615 338 2697 quanto
359 2611 460 2696 magis
487 2612 622 2676 uerbum
648 2611 698 2675 dei
724 2612 810 2694 quod
834 2609 1081 2692 incorruptibilis
1108 2614 1140 2674 et
1164 2608 1369 2675 immutabilis
1394 2615 1525 2677 naturae

220 2716 275 2790 000,
300 2710 472 2794 permensit
491 2709 694 2793 impassibile,
719 2709 894 2793 suscipiens
914 2708 1084 2791 passiones.
1127 2708 1161 2774 Si
1183 2714 1287 2774 antem
1309 2708 1366 2788 uis,
1391 2708 1464 2794 lego
1486 2712 1525 2774 de

220 2809 386 2896 euangelio
408 2809 483 2893 qnia
503 2831 542 2874 ex
562 2809 663 2874 Maria
683 2813 776 2875 00000
797 2809 846 2873 010

304 2932 329 2976 c.
350 2910 419 2977 lx.
454 2915 528 2974 Mor.
544 2915 582 2974 d:
608 2907 714 2974 Etiam
739 2931 797 2974 nos
821 2906 1006 2972 confitemur
1027 2909 1102 2990 quia
1122 2929 1178 2990 per
1200 2905 1337 2972 Mariam·
1355 2911 1447 2973 natus
1470 2913 1525 2985 est

170 3015 203 3070 25
222 3011 278 3073 sed
298 3031 363 3075 non
384 3011 423 3073 de
445 3008 553 3072 Maria.
590 3006 678 3073 Siout
704 3007 788 3073 enim
814 3030 896 3091 aqua
920 3029 977 3090 per
1006 2995 1145 3072 fistulam
1170 3008 1291 3086 transit
1322 3007 1401 3072 nihil
1422 3028 1460 3072 ex
1491 3029 1528 3072 ea

221 3108 386 3191 accipiens,
406 3108 451 3173 ita
474 3107 568 3173 etiam
589 3108 723 3173 uerbum
745 3109 795 3173 dei
816 3129 872 3191 per
889 3106 1022 3172 Mariam
1044 3105 1210 3172 transitum
1231 3104 1307 3170 fecit
1328 3110 1466 3173 sednon
1488 3109 1527 3171 de

223 3207 324 3272 Maria
346 3207 467 3290 aliquid
488 3207 606 3273 sumsit.

306 3311 360 3372 Ad.
382 3311 420 3372 d:
442 3305 519 3372 1000
539 3307 665 3372 00010001
687 3305 895 3392 euangelium.
1003 3331 1006 3336 ’

306 3412 392 3471 11010.
413 3411 452 3472 d:
474 3406 643 3472 1100100000.

172 3513 208 3568 30
307 3511 362 3570 Ad.
384 3511 423 3571 d:
453 3504 537 3591 Lego
568 3508 726 3592 quomodo
753 3505 885 3590 angelus
911 3507 951 3568 ad
976 3505 1109 3570 Mariam
1135 3506 1224 3571 dicit:
1255 3511 1389 3587 Spiritus
1413 3510 1530 3570 domini

315 4448 559 4519 sergianum.
583 4451 649 4504 0.(1.
668 4449 754 4518 ga'l'.
789 4450 867 4506 11000
888 4449 933 4504 ich
954 4448 1053 4514 Recht‚
1080 4466 1110 4505 eo
1132 4448 1169 4503 ist
1190 4447 1234 4502 die
1255 4446 1459 4519 Einsohaltnng
1479 4467 1534 4504 von

230 4539 325 4600 καλῶς
342 4534 427 4590 00000
445 4535 507 4590 sehr
519 4535 577 4603 0101
595 4536 634 4592 14
652 4533 792 4606 adamans]
806 4534 841 4589 So
859 4534 907 4588 der
919 4533 983 4589 Cod
997 4535 1067 4588 atatt
1083 4533 1130 4589 des
1144 4532 1352 4603 gewohnlichen
1367 4531 1508 4587 »000000οι
1525 4533 1529 4603 Ι

233 4619 271 4675 lo
290 4617 470 4673 Gewdhnlich
490 4621 654 4676 »eminutus«
672 4619 731 4684 128
751 4618 817 4673 Ood.
835 4619 958 4673 recitare.
