3708 5528
193 469 305 540 Caspari
321 470 335 525 I
352 486 375 526 c.
393 471 418 526 4.
435 473 460 527 5.
794 468 904 542 Dialog.
1070 521 1080 538 ,
1484 477 1503 538 9

276 659 300 703 ο.
321 639 384 708 Π.
414 643 487 719 Ma.
509 645 548 704 d:
574 638 639 704 Ista
660 642 852 724 sophismata
873 644 948 704 sunt
970 644 1001 704 et
1027 643 1219 723 argumenta.
1262 638 1332 724 Ego
1360 641 1443 706 enim
1465 643 1503 704 de

192 738 355 821 scripturis
378 741 509 804 ostendo
531 743 595 804 tres
617 762 684 804 esse
705 740 908 823 principatus.

275 843 329 902 Ad.
348 843 387 905 ct:
409 838 490 904 Istos
513 861 593 923 quos
615 839 693 904 dicis
715 844 778 904 tres
801 861 867 904 esse
889 838 1093 922 principatus,
1120 837 1266 922 aequales
1289 862 1356 904 esse
1382 839 1437 920 ais,
1463 863 1502 904 an

191 937 297 1002 differt
318 938 397 1002 alter
416 937 488 1024 (ab)
511 939 629 1004 altero?

154 1043 169 1094 5
272 1043 345 1119 Mcp.
367 1045 407 1104 d.:
434 1039 540 1103 Absit!
562 1037 638 1103 Non
659 1043 732 1104 sunt
753 1040 908 1124 aequales.

273 1142 330 1202 Aa.
352 1143 392 1204 d:
417 1137 495 1215 Quis
518 1157 592 1222 ergo
615 1159 725 1204 eorum
745 1139 851 1222 potior
873 1144 939 1205 est?

272 1242 346 1319 May.
369 1243 408 1302 dr
436 1236 525 1304 Illius
548 1236 624 1302 boni
645 1239 695 1302 dei
716 1238 912 1321 principatus
934 1239 1028 1324 longe
1051 1245 1099 1304 ast
1120 1239 1313 1306 eminentior.

273 1343 328 1401 Ad.
350 1342 389 1403 ct:
416 1337 582 1402 Subiectus
605 1342 652 1402 111
674 1357 749 1422 ergo
770 1339 901 1403 inferior
922 1340 1047 1422 potiori,
1070 1363 1110 1404 an
1131 1344 1216 1405 non?

273 1441 346 1518 May.
368 1440 407 1501 (1.1
435 1436 601 1502 Subiectus
624 1442 679 1504 est

136 1543 170 1598 10
273 1541 327 1600 Ad.
349 1540 376 1600 d.
412 1536 499 1620 Ergo
521 1535 685 1602 uoluntate
706 1538 838 1621 potioris
860 1536 916 1616 illi,
939 1539 993 1622 qui
1014 1539 1180 1604 inferiores
1195 1543 1276 1618 sunt,
1299 1543 1398 1623 agunt
1420 1559 1502 1622 quae

190 1641 309 1720 agunt?

267 1741 340 1817 Meu.
355 1742 395 1801 dc
421 1734 497 1801 Non
512 1757 584 1800 oum
599 1735 761 1801 uoluntate
775 1737 875 1819 ipsius
896 1759 977 1820 quae
996 1737 1079 1802 mala
1099 1742 1173 1804 sunt
1191 1737 1320 1803 faciunt.
1356 1737 1501 1820 Denique

186 1835 355 1900 adueniens
378 1834 521 1901 Christus
548 1840 580 1899 et
601 1835 763 1902 diabolum
789 1835 867 1902 uicit
894 1841 925 1901 et
952 1837 1100 1903 creatoris
1127 1837 1232 1922 legem
1257 1837 1445 1903 indueretis
1470 1841 1501 1902 11

185 1935 388 2020 dogmatibus
411 1935 584 2000 euacuauit.

135 2037 168 2090 15
272 2039 327 2099 Ad.
348 2040 387 2100 a:
419 2034 491 2100 Hoc
511 2035 616 2118 ipsum
639 2054 728 2118 ergo,
755 2039 841 2118 quod
862 2041 936 2100 sunt
956 2036 1023 2116 isti,
1051 2036 1217 2103 uoluntate
1237 2038 1314 2104 boni
1336 2038 1386 2102 dei
1408 2040 1500 2102 sunt?

272 2141 344 2215 Meu.
367 2141 406 2200 ct:
438 2133 522 2201 Non.

271 2239 326 2298 Ad.
348 2239 387 2300 d:
416 2233 500 2311 Quid
522 2254 609 2319 ergo,
631 2242 665 2312 (si
683 2244 780 2297 contra
796 2242 969 2298 uoluntatem
992 2261 1070 2298 suam
1092 2246 1168 2309 suut,
1194 2243 1352 2298 interimere
1375 2261 1421 2300 cos
1443 2260 1500 2299 non

187 2340 294 2396 ualet?
308 2343 357 2396 aut
374 2342 497 2410 omnino)
518 2335 645 2419 ignorat
664 2337 725 2401 hcc
746 2337 851 2420 ipsum
873 2340 948 2420 quia
970 2343 1063 2404 sunt?

271 2443 343 2516 Meo.
365 2441 405 2501 rt:
434 2434 510 2500 Non
532 2435 665 2519 ignorat.

133 2532 167 2589 20
271 2540 357 2601 ldatr.
378 2540 417 2602 d.:
446 2535 622 2600 Fortiorem
644 2534 723 2599 dicis
738 2557 805 2599 esse
827 2539 921 2600 deum
935 2536 1062 2602 bonum.
1099 2537 1187 2603 Dicis
1210 2538 1306 2603 etiam
1327 2540 1414 2620 quod
1435 2560 1500 2601 non

189 2636 352 2702 uoluntate
378 2635 477 2719 ipsius
499 2637 574 2698 sunt
594 2633 648 2698 isti
668 2634 791 2718 reliqui.
834 2635 921 2712 Quae
944 2655 1018 2720 ergo
1041 2636 1168 2701 dabitur
1190 2636 1435 2720 consequentia?
1464 2634 1500 2700 si

189 2734 272 2799 enim
299 2739 347 2800 est
366 2736 434 2819 ipse
461 2734 573 2800 fortior
603 2736 635 2796 et
661 2756 727 2798 esse
753 2735 831 2800 istos
858 2736 986 2800 omnino
1013 2759 1078 2802 non
1103 2736 1187 2817 uult,
1213 2740 1288 2801 111111
1314 2740 1419 2800 tamen
1445 2735 1499 2800 isti

189 2837 361 2899 secundum
386 2835 591 2900 assertionem
617 2837 717 2911 tuam,
745 2838 799 2897 aut
824 2834 896 2899 uult
921 2858 975 2900 eos
1002 2858 1069 2901 1111
1096 2835 1326 2915 1111101111,
1358 2838 1497 2899 autnon

186 2934 258 2998 uult
279 2938 311 2999 et
330 2934 364 2999 in
380 2935 509 3000 arimere
532 2955 585 2998 101
606 2955 672 2997 non
693 2937 805 3016 potest,
828 2939 883 2998 aut
903 2936 1030 3020 ignorat
1051 2937 1126 3020 quia
1149 2939 1230 3000 sunt

132 3029 165 3083 25
271 3057 295 3100 0.
316 3035 357 3104 V.
386 3041 457 3115 Meq.
481 3041 518 3099 d.:
549 3041 634 3110 (llaec
655 3056 689 3095 ex
707 3042 877 3111 argumentis
900 3042 1076 3113 colliguntur.
1111 3042 1171 3114 Ego
1194 3044 1287 3098 autem
1305 3041 1339 3095 de
1357 3039 1498 3111 scripturis

186 3141 324 3211 euangelii
341 3141 406 3198 uolo
423 3142 539 3212 probare
557 3159 628 3211 quae
645 3142 726 3211 dico.)
766 3137 829 3202 Sed
858 3138 919 3202 hoc
949 3138 1087 3220 primum
1114 3138 1276 3202 ostendam
1302 3135 1377 3218 quia
1404 3156 1497 3198 euan-

186 3234 276 3320 gelia,
298 3257 378 3319 quae
399 3259 458 3301 uos
478 3235 595 3321 legitis,
616 3237 698 3304 falsa
718 3242 800 3304 sunt.

267 3341 323 3402 Ad.
345 3340 386 3400 ct:
414 3335 508 3401 Unde
529 3338 591 3403 hoc
611 3339 744 3421 probare
765 3340 877 3422 potes?

267 3440 342 3515 May.
363 3440 402 3501 111
431 3434 480 3500 De
500 3435 577 3518 ipsis
600 3436 774 3522 euangeliis
795 3437 977 3520 approbabo
1001 3436 1075 3521 quia
1096 3435 1175 3500 falsa
1198 3427 1300 3500 sunt'

130 3528 163 3582 30
267 3539 322 3599 Ad.
343 3538 383 3600 dr
419 3535 506 3619 Ergo
538 3539 569 3600 et
598 3559 649 3601 me
679 3537 808 3622 patieris
840 3559 877 3601 ex
903 3536 981 3619 ipsis
1010 3535 1184 3620 euangeliis
1211 3533 1385 3618 approbare
1422 3533 1497 3618 quia

183 3632 264 3698 falsa
284 3656 349 3700 non
370 3640 462 3700 sunt?

266 3741 339 3815 Map.
360 3739 400 3799 rt:
430 3734 551 3815 Patiar,
582 3736 609 3799 si
635 3736 817 3800 ostenderis.
860 3734 953 3800 Prius
979 3740 1085 3799 tamen
1108 3733 1234 3810 edicito,
1268 3733 1323 3818 qui
1349 3733 1413 3798 sint
1440 3733 1493 3819 q'

183 3832 348 3917 euangelia
369 3835 629 3918 conscripserunt

265 3937 320 3998 Ad.
334 3938 374 3999 d.:
396 3934 554 4018 Discipuli
572 3934 691 4000 Christi
711 3939 786 4000 sunt
807 3935 913 4018 quiea
929 3933 1189 4017 conscripserunt,
1210 3932 1243 3996 id
1263 3938 1310 3998 est
1323 3931 1494 4014 Johannes,

128 4041 163 4098 35
182 4032 369 4112 Matthaeus,
393 4033 518 4100 Marcus
541 4038 572 4099 et
593 4034 701 4100 Lucas.

264 4138 338 4214 May.
353 4139 392 4199 d:
412 4135 556 4200 Marcum
579 4140 610 4199 et
626 4133 744 4200 Lucam
758 4157 816 4200 nec
835 4135 947 4199 habuit
960 4133 1132 4216 discipulos
1148 4132 1299 4213 Christus,
1321 4137 1352 4197 et
1375 4156 1413 4198 ex
1433 4133 1493 4197 hoc

266 4314 321 4372 41
340 4316 376 4371 ab
393 4315 481 4372 altero
499 4317 568 4372 -B
592 4318 596 4384 Ι
620 4317 639 4376 8
661 4315 771 4387 potiori]
793 4313 993 4388 Ursprdnglich
1014 4315 1095 4369 stand
1111 4315 1150 4369 im
1169 4313 1234 4371 Cod.
1259 4313 1412 4370 »infcriori«
1436 4313 1492 4368 und

180 4397 267 4454 fehlte
290 4399 430 4471 »potiori«.
465 4401 530 4456 Dies
552 4401 602 4467 ist,
626 4400 701 4457 wohl
723 4419 787 4456 vom
806 4400 988 4456 Abschreihcr
1010 4399 1109 4465 solbet,
1135 4399 1204 4454 fiber
1225 4398 1270 4453 die
1293 4399 1366 4454 Zeile
1388 4401 1494 4470 gesetzt

179 4482 298 4536 worden.
314 4483 318 4552 1
336 4485 372 4540 17
394 4485 456 4540 Wie
474 4503 523 4540 aus
541 4484 590 4540 der
607 4488 735 4541 Antwort
754 4503 825 4541 »non
842 4485 968 4556 ignorat«
988 4483 1168 4554 hervorgeht
1191 4483 1228 4538 ist
1248 4482 1297 4538 der
1315 4483 1432 4539 Gricohe
1449 4501 1492 4538 ur·

180 4567 377 4639 sprunglicher,
395 4568 453 4624 und
469 4571 520 4625 hat
530 4570 592 4625 Ruf.
611 4569 664 4624 den
682 4588 722 4641 gr.
734 4571 805 4624 Text
822 4569 966 4626 erweitert.
985 4600 1019 4609 -
1036 4570 1059 4625 B
1075 4569 1079 4638 1
1095 4567 1184 4636 25121
1201 4568 1264 4624 ltus.
1276 4568 1327 4623 hat
1344 4568 1398 4624 den
1415 4567 1493 4624 losen

179 4651 418 4724 Zmammenhsng
434 4654 594 4710 rerbeesert.
613 4685 646 4692 -
664 4655 687 4709 B
703 4653 763 4722 128
779 4653 847 4711 (lod.
865 4653 975 4724 potest!
991 4654 1030 4710 82
1050 4652 1115 4708 Cod.
1134 4652 1240 4708 adicite.
1259 4683 1292 4693 -
1310 4653 1341 4708 B.
