3744 5524
208 524 321 598 Gaspari
337 525 363 580 11
381 542 404 580 c.
420 526 494 581 1-3.
805 517 915 588 Di⁸108·
1479 522 1519 586 63

291 699 381 760 Marc.
402 700 442 758 d:
464 691 593 777 Ubique
615 697 663 758 est
684 696 716 758 et
735 690 838 758 malus
860 691 893 754 et
913 688 1022 753 bonus.

292 801 346 860 Ad.
367 800 410 859 rt:
430 791 517 878 Ergo
539 798 571 858 et
592 794 759 859 cohaerent
779 791 841 856 sibi
861 789 999 853 inuicem
1022 790 1053 852 et
1073 787 1106 850 in
1128 790 1228 852 semet
1249 785 1325 869 ipris
1347 788 1519 872 permixtae

210 897 284 960 sunt
304 895 383 958 istae
404 893 618 958 substantiae?

290 997 442 1058 Marad:
473 990 587 1076 Neque
609 994 777 1058 cohaerent
798 989 866 1068 sibi,
889 1011 993 1074 neque
1015 989 1076 1055 sibi
1097 987 1234 1054 inuicem
1256 1009 1416 1053 connexae
1437 989 1517 1051 sunt.

175 1099 191 1154 5
291 1097 346 1158 Ad.
367 1097 408 1158 ὡς
447 1091 539 1169 Quod
565 1110 640 1176 ergo
667 1091 825 1156 dirimitur
850 1090 890 1154 ab
918 1089 1025 1174 aliquo
1054 1093 1086 1154 et
1111 1087 1207 1154 distat
1235 1090 1368 1153 nonest
1393 1088 1520 1171 ubique.

209 1191 252 1257 Et
278 1193 438 1275 quomodo
464 1195 570 1275 potest
595 1191 664 1256 fieri
689 1195 726 1256 ut
751 1192 830 1255 dune
856 1211 906 1256 res
935 1212 1017 1274 quae
1038 1187 1127 1254 nullo
1149 1187 1210 1252 fine
1233 1187 1422 1252 clauduntur
1447 1209 1466 1250 a
1486 1209 1520 1251 se

208 1291 344 1356 inuicem
366 1293 526 1374 separatae
548 1292 632 1357 sint?
668 1287 854 1356 Necessario
876 1309 951 1374 ergo
975 1287 1265 1371 circumscriptione
1287 1285 1393 1370 alique
1413 1287 1520 1350 termi-

210 1395 332 1462 nantur.
374 1390 467 1468 Quod
489 1391 517 1455 si
537 1390 699 1456 terminari
719 1388 935 1469 inueniuntur,
958 1387 1024 1454 sine
1046 1387 1142 1452 dubio
1164 1390 1195 1452 et
1214 1385 1404 1470 principium
1425 1386 1520 1450 habe-

209 1492 297 1556 bunt
338 1490 430 1566 Quod
455 1495 560 1556 autem
586 1491 683 1555 habet
708 1488 910 1572 principium,
938 1487 1033 1553 etiam
1061 1486 1156 1552 finem
1177 1487 1291 1552 habeat
1316 1507 1442 1550 necesse
1465 1490 1520 1551 est

159 1593 194 1648 10
211 1589 375 1666 Quomodo
402 1609 478 1674 ergo
507 1592 626 1674 absque
652 1589 714 1654 fine
736 1592 768 1652 et
789 1589 908 1672 absque
935 1587 1026 1651 initio
1049 1608 1115 1652 esse
1134 1585 1370 1670 probabuntur?
1405 1585 1468 1650 Sed
1490 1590 1521 1650 et

210 1687 317 1754 locum
342 1689 446 1774 ipsum
472 1689 508 1753 in
529 1711 592 1773 quo
619 1687 819 1754 continentur
840 1691 871 1752 et
892 1686 1085 1751 dirimuntur
1105 1685 1144 1750 ab
1166 1684 1302 1749 inuicem
1323 1705 1451 1750 necesse
1473 1689 1521 1751 est

210 1788 361 1854 maiorem
383 1810 450 1853 esse
472 1789 520 1853 his
543 1811 623 1874 quos
645 1787 792 1854 eontinet

292 1893 379 1953 mir.
400 1893 440 1953 a:
471 1887 506 1954 Si
527 1893 670 1972 separata
691 1910 710 1951 a
732 1909 765 1952 se
786 1885 924 1950 inuicem
949 1889 1024 1950 sunt
1045 1887 1107 1951 duo
1129 1885 1190 1950 ieta
1211 1883 1373 1969 principia,
1394 1904 1520 1949 necesse
1598 1915 1600 1920 v

212 1991 258 2050 est
284 1989 376 2052 deum
403 1987 466 2052 diei
492 1987 525 2052 in
550 1993 638 2071 parte
660 2009 740 2064 esse;
774 1988 809 2050 in
830 1989 918 2069 perte
939 1989 1045 2050 autem
1067 2006 1134 2050 erse
1160 1986 1254 2049 deum
1276 1985 1308 2047 et
1328 1982 1391 2046 fine
1412 1983 1519 2066 aliquo

160 2096 194 2151 15
211 2086 373 2150 terminari
394 2109 486 2153 nemo
513 2109 651 2171 unquam
680 2108 774 2152 sanae
794 2085 909 2150 mentis
931 2085 1071 2151 asseruit
1114 2083 1148 2148 Si
1173 2104 1250 2148 uero
1272 2083 1437 2147 cohaerere
1459 2082 1520 2148 sibi

211 2185 354 2251 inuicem*
369 2188 447 2252 duas
468 2189 545 2252 istas
560 2185 751 2252 substantias
774 2184 857 2248 dicat
879 2183 958 2268 quis,
972 2184 1039 2249 sine
1057 2183 1153 2249 dubio
1173 2181 1284 2248 inserit
1302 2186 1334 2246 et
1353 2182 1520 2264 permiscet

211 2284 330 2350 melum
350 2286 448 2365 bono,
475 2291 506 2352 et
527 2308 654 2352 necesse
676 2289 723 2350 est
743 2287 780 2348 ut
800 2283 1001 2367 participium
1023 2305 1133 2367 capere
1155 2283 1205 2347 sui
1225 2281 1361 2346 inuicem
1383 2282 1467 2347 dicat
1489 2286 1521 2347 et

211 2384 330 2451 bonum
351 2384 427 2450 mali
450 2389 481 2451 et
500 2385 620 2450 malum
640 2387 724 2450 boni

295 2506 320 2550 e.
342 2485 394 2554 II.
436 2490 526 2550 Mora.
548 2491 588 2549 rt:
621 2483 727 2550 Habet
747 2483 964 2568 unusquisque
986 2504 1075 2548 suam
1096 2482 1253 2548 uirtutem.

161 2589 195 2645 20
295 2590 381 2649 Eutr.
401 2590 440 2650 d:
477 2584 512 2649 si
531 2584 749 2668 unusquisque
775 2585 870 2648 habet
891 2582 1050 2665 propriam
1071 2581 1234 2661 uirtutem,
1256 2603 1450 2668 consequens
1473 2588 1519 2648 est

211 2687 248 2747 ut
272 2685 489 2768 unusquisque
518 2685 632 2749 habeat
661 2682 821 2766 propriam
848 2686 1031 2748 creaturam.
1078 2680 1174 2746 Cuius
1202 2682 1316 2747 borum
1346 2683 1424 2747 dieis
1452 2705 1519 2749 esse

210 2783 362 2861 homines,
383 2783 460 2848 boni
481 2806 522 2847 an
543 2782 639 2848 mali?

294 2887 384 2949 More.
405 2889 445 2950 d:
480 2882 566 2947 Mali.

293 2989 380 3048 idcir.
401 2989 441 3050 d:
477 2983 642 3060 Quomodo
670 3002 744 3067 ergo
771 2986 872 3050 bonus
899 2981 1030 3047 abstulit
1056 3004 1109 3048 eos
1131 3005 1149 3047 a
1170 2983 1267 3063 malo,
1293 3004 1366 3048 cum
1385 2987 1518 3067 uterque

159 3093 193 3148 25
211 3103 319 3147 eorum
340 3104 440 3166 aeque
462 3082 528 3147 suis
548 3080 669 3146 uiribus
690 3081 862 3149 innitatur?

293 3188 383 3248 More.
404 3188 446 3248 rt:
481 3179 602 3247 Uidens
628 3181 730 3248 bonus
757 3186 833 3248 deus
862 3187 1115 3251 condemnandos
1137 3202 1205 3248 esse
1225 3180 1368 3247 homines
1390 3205 1408 3248 a
1428 3185 1520 3265 malo,

210 3281 299 3346 uenit
313 3286 353 3362 et,
368 3305 386 3345 a
398 3281 658 3347 condemnatione
674 3304 727 3348 eos
742 3282 885 3366 eripiens,
900 3283 1116 3349 remissionem
1128 3281 1172 3346 eis
1186 3279 1298 3346 tribuit
1311 3287 1522 3365 peccatorum.

294 3388 381 3447 loce.
402 3387 442 3447 ct:
461 3381 521 3447 Cui
543 3381 624 3446 enim
647 3387 852 3464 peccaverant
872 3383 1037 3449 homines?

295 3487 385 3547 Marc.
407 3486 447 3548 d:
481 3480 576 3546 Malo.

161 3588 197 3644 30
295 3586 382 3644 Erat.
408 3585 448 3646 rt:
483 3579 526 3645 Et
553 3579 623 3664 quis
652 3581 801 3665 suscipiet
827 3581 926 3647 aniles
957 3581 1080 3646 fabulas
1110 3585 1199 3647 tues?
1234 3580 1372 3648 Possunt
1402 3584 1437 3649 hi
1466 3586 1522 3669 qui

213 3681 340 3763 proprio
368 3681 496 3745 domino
523 3687 734 3763 peccauerunt
764 3684 803 3746 ab
831 3682 934 3747 alieno
967 3681 1154 3747 delictorum
1180 3683 1305 3746 ueniam
1331 3685 1521 3766 promereri?

296 3800 321 3843 c.
342 3779 417 3847 ΙΙΙ.
454 3779 576 3857 Quibus
598 3803 636 3845 ex
658 3781 760 3847 causis
782 3780 879 3845 alium
902 3803 940 3846 ex
961 3781 1038 3864 ipsis
1056 3781 1184 3860 malum,
1207 3780 1304 3846 alium
1324 3782 1444 3848 bonum
1465 3807 1521 3849 no·

213 3877 363 3944 minatis?
393 3874 585 3946 Nominibus
608 3884 827 3945 tantummodo
848 3882 909 3946 hoe
936 3880 1053 3960 dicitis,
1079 3904 1119 3945 an
1145 3879 1247 3946 causis
1274 3886 1304 3945 et
1325 3884 1418 3947 rebus
1440 3883 1520 3949 elius

212 3976 322 4056 bonus,
344 3977 425 4044 alius
448 3982 551 4043 autern
574 3979 676 4044 malus
698 3982 775 4045 deus
796 3980 975 4046 inuenitur?

162 4071 196 4128 ³5
296 4084 386 4144 More.
407 4084 447 4143 rt:
469 4077 578 4144 Rebus
599 4079 676 4162 ipsis
698 4079 778 4144 elius
799 4080 910 4158 bonus,
933 4079 1013 4145 alius
1034 4102 1110 4146 uero
1132 4080 1234 4146 malus
1256 4086 1311 4146 est,

299 4259 317 4314 2
336 4258 402 4314 Cod.
420 4259 548 4329 permixti
563 4261 566 4328 Ι
583 4260 601 4316 8
619 4261 697 4332 istae]
717 4260 781 4317 cod,
799 4261 856 4332 ipse
876 4263 881 4331 Ι
904 4263 917 4318 7
938 4262 1030 4332 Urspr.
1049 4261 1130 4316 stand
1150 4263 1311 4332 »separate«.
1346 4262 1410 4316 Dies
1427 4263 1521 4318 wurde

214 4343 289 4397 daun
310 4343 340 4398 in
359 4348 514 4414 ›separate‹
533 4345 679 4400 vertudert
702 4347 706 4413 1
731 4347 795 4401 Cod.
813 4348 877 4400 sunt
891 4347 896 4415 Ι
912 4347 951 4402 14
970 4346 1106 4402 Codsina
1121 4346 1177 4413 180
1195 4346 1265 4417 quis]
1285 4348 1349 4403 Cod
1362 4347 1437 4417 quid,
1455 4349 1521 4403 aber

214 4427 265 4482 mit
284 4446 326 4482 »s«
346 4429 414 4484 uber
433 4447 482 4497 »q«
499 4429 503 4495 1
520 4429 558 4485 88
578 4430 644 4486 cod.
662 4429 748 4485 alium
765 4447 799 4484 ex
816 4431 881 4503 ipsis
901 4431 998 4486 causis.
1026 4430 1208 4502 Einwirlrung
1226 4432 1272 4486 dee
1290 4431 1520 4502 vorangehenden

214 4512 271 4566 und
283 4512 505 4583 neehfolgenden
517 4515 635 4569 ›muris‹
652 4514 712 4582 188
729 4513 807 4568 Naeh
825 4514 913 4570 causis
931 4515 995 4570 darf
1009 4514 1086 4570 nieht
1103 4515 1155 4570 wie
1171 4515 1217 4570 bei
1235 4516 1346 4586 Caspari
1364 4516 1409 4572 ein
1421 4517 1519 4588 Frege-

214 4596 326 4652 neiehen
348 4599 454 4666 gesetnt
475 4599 593 4653 werden.
622 4596 682 4653 Rus.
699 4600 838 4654 ubersetnt
854 4599 903 4652 das
927 4599 988 4654 eine
1010 4597 1157 4672 πράγματι
1178 4600 1230 4654 mit
1251 4602 1319 4656 zuei
1339 4601 1521 4657 lateinischen

214 4681 331 4736 Worten
350 4682 453 4737 »causis
472 4683 500 4736 et
517 4681 627 4750 mbos«,
647 4683 699 4738 wie
717 4683 794 4748 oster,
813 4702 833 4738 a.
852 4683 924 4738 Einl.
942 4685 958 4752 ἐ
977 4686 1018 4739 11.
1035 4715 1068 4724 -
1086 4685 1118 4754 Β)
1134 4687 1138 4753 Ι
1154 4686 1191 4742 84
1208 4686 1283 4757 deus]
1302 4687 1367 4742 Cod.
1386 4687 1520 4743 dominus.
