3744 5524
230 512 342 585 Oesperi
359 512 397 567 Ν
415 529 437 568 e
455 513 479 567 2.
498 513 522 568 3.
823 511 932 583 Dielog.
1472 519 1532 582 143

229 682 371 767 despexit
411 706 492 765 sem,
531 683 585 749 uel
617 704 728 766 pessus
764 688 812 747 est
850 681 1059 748 inordinatam
1100 703 1169 748 eom
1204 681 1256 748 uel
1290 679 1531 764 incompositam

228 805 396 864 remanere,
421 787 477 848 sed
502 801 668 868 aggressus
695 785 801 847 estex
823 803 861 848 ee
882 785 1017 848 oondere
1042 781 1168 868 singule
1188 783 1241 850 uel
1266 804 1371 849 oreore
1392 786 1425 847 et
1448 779 1532 846 mole

229 883 295 949 eius
316 905 461 968 seperare
482 905 502 947 e
521 881 622 948 bonit.
657 881 701 948 Et
724 883 786 949 hoo
810 885 905 948 modo
936 886 1093 948 orestures
1119 904 1257 948 summes
1288 903 1430 967 quosque
1459 901 1531 964 pro·

227 983 324 1063 duxit
346 1005 383 1048 ee
403 1005 479 1048 uero
499 1005 580 1067 quee
597 981 631 1046 in
652 981 721 1066 ipre
738 981 829 1048 uelut
848 981 921 1047 feex
940 980 1052 1046 ultime
1067 983 1277 1063 remanebant,
1299 980 1374 1066 quie
1387 980 1421 1045 in
1441 978 1530 1044 nullo

193 1081 401 1150 teonditioni
426 1083 477 1147 dei
502 1087 576 1166 epte
600 1081 805 1162 uidebuntur,
832 1085 869 1147 ut
890 1083 979 1146 erent
1006 1079 1169 1147 incondite
1194 1085 1291 1166 etque
1320 1077 1530 1162 ineomposite

227 1181 402 1266 dereliquit
436 1181 473 1248 ln
498 1181 586 1248 nullo
619 1203 754 1266 nemque
781 1181 810 1248 ei
840 1183 1014 1248 eondueere
1043 1185 1196 1265 poterant.
1231 1179 1281 1246 Ex
1308 1179 1422 1264 quibus
1452 1177 1530 1243 mihi

226 1279 352 1348 uidetur
372 1281 406 1346 in
426 1281 607 1348 hominibus
624 1279 741 1348 eboriri
761 1280 852 1346 melo
887 1279 1012 1347 Ethoe
1033 1280 1111 1345 mihi
1126 1279 1241 1346 sentire
1262 1284 1383 1346 rectum
1396 1277 1530 1344 uidetur.

308 1403 333 1448 e
355 1381 430 1450 ΙΙΙ.
465 1387 553 1448 Dros.
575 1386 614 1447 d:
637 1379 682 1446 Ut
703 1399 762 1466 ego
783 1379 944 1464 intellege,
968 1378 1062 1445 uelde
1083 1379 1160 1444 mihi
1182 1383 1312 1464 epperet
1331 1380 1393 1444 hoo
1415 1380 1530 1462 dogma

225 1501 292 1546 erse
313 1480 522 1546 rectissimum
544 1486 576 1546 et
594 1479 734 1546 definitio
757 1483 795 1544 de
817 1502 880 1564 que
901 1479 1029 1545 omnino
1052 1501 1116 1545 non
1138 1479 1252 1545 debest
1274 1480 1417 1544 dubitare
1443 1477 1529 1555 heee,

174 1594 208 1650 10
224 1601 306 1664 quee
336 1579 478 1664 exposite
501 1584 549 1645 est
574 1603 592 1644 e
617 1579 687 1645 uiro
717 1578 956 1662 sepientissimo,
986 1577 1166 1645 Ualentino.
1201 1577 1236 1644 si
1261 1583 1367 1644 eutem
1392 1577 1463 1662 quis
1489 1579 1529 1640 ed

223 1681 501 1745 oontredieendum
522 1702 555 1744 se
580 1683 759 1763 praeparet,
786 1678 1000 1764 aggrediemn
1025 1683 1171 1762 peretum
1192 1700 1243 1743 me
1268 1677 1409 1743 inueniet
1430 1679 1470 1741 ed
1492 1697 1528 1741 ee

223 1800 304 1863 quse
325 1780 475 1845 obisoerit
494 1782 691 1862 respondere

305 1883 360 1944 Ad.
375 1885 415 1945 et:
436 1879 633 1945 Praeiudieio
655 1879 753 1944 enimi
773 1879 934 1962 paulisper
954 1879 1091 1962 seposito
1113 1881 1155 1944 ed
1180 1878 1305 1963 singule
1331 1899 1411 1962 quse
1431 1878 1527 1942 inter·

222 1997 375 2062 rogauero
397 1981 557 2064 responde.

170 2091 204 2144 15
302 2081 391 2144 Dros.
412 2083 452 2144 d:
482 2079 589 2146 Etiem
618 2079 697 2145 mihi
726 2080 772 2144 ite
801 2079 906 2165 pleeet
935 2100 1041 2144 emore
1073 2078 1143 2144 ueri
1172 2083 1204 2144 et
1230 2078 1305 2142 fidei
1335 2098 1407 2142 oum
1440 2077 1526 2142 omni

219 2176 371 2259 patientie
396 2180 434 2243 de
459 2177 509 2244 his
530 2201 610 2264 quee
631 2179 665 2243 in
686 2179 903 2264 queestionem
923 2180 1056 2243 ueniunt
1077 2178 1310 2261 disputandum.
1344 2174 1420 2243 Non
1442 2177 1525 2242 enim

217 2276 331 2342 festino
354 2277 496 2343 obtinere
518 2281 604 2362 quod
624 2300 758 2362 preuum
779 2283 834 2351 ert,
856 2279 910 2344 sed
931 2277 1011 2343 seire
1033 2270 1127 2361 quod'
1140 2283 1263 2343 neotum
1284 2280 1339 2344 est

301 2381 357 2444 Ad.
377 2382 419 2444 d:
451 2377 604 2445 collaudo
635 2377 731 2444 enimi
759 2381 808 2443 tui
837 2381 948 2442 uotum
985 2379 1016 2443 et
1051 2380 1291 2462 eognoscendus
1326 2375 1524 2460 propositum

216 2476 366 2542 ueritatis.
403 2477 495 2555 Quod
522 2482 627 2543 eutem
653 2477 766 2542 dehis
792 2476 885 2542 rebus
914 2478 1096 2561 quaesunt
1122 2477 1156 2542 in
1185 2477 1247 2543 hoe
1272 2479 1391 2543 mundo
1420 2474 1466 2539 ite
1492 2479 1523 2538 te

165 2583 199 2640 20
217 2575 295 2642 diois
322 2575 445 2656 sentire,
475 2581 638 2663 temquem
663 2599 701 2642 ex
726 2576 857 2642 muteris
887 2577 1023 2660 quedem
1050 2580 1082 2641 et
1112 2577 1289 2642 substantie
1317 2577 1522 2660 praecedente

215 2674 293 2740 heeo
310 2679 524 2760 proereeuerit
545 2679 630 2756 deus,
650 2698 755 2742 nonne
776 2676 804 2742 si
825 2697 943 2756 uerum,
968 2675 1111 2756 Droseri,
1137 2675 1212 2742 lieet
1236 2698 1269 2741 re
1291 2676 1354 2740 iem
1377 2671 1522 2742 nonnulli

216 2796 325 2840 eorum
347 2775 402 2860 qui
424 2777 463 2840 de
482 2776 604 2862 origine
624 2775 701 2842 meli
721 2775 886 2860 requirunt
906 2776 967 2842 hoe
987 2779 1100 2860 putere
1125 2778 1157 2842 et
1177 2775 1329 2854 similiter,
1355 2778 1392 2839 ut
1412 2777 1457 2854 tu,
1483 2775 1521 2836 de

214 2873 331 2940 talibus
353 2874 483 2959 opinari,
504 2875 559 2940 elii
580 2877 674 2941 deum
694 2877 808 2942 horum
828 2877 1032 2960 pronuntiare
1053 2876 1248 2942 eonditor-em
1272 2879 1470 2942 eoeetemem
1492 2873 1521 2937 ei

214 2972 425 3038 substantium
446 2976 592 3042 timentes
618 2976 786 3054 osoribus,
814 2976 870 3041 elii
890 2981 997 3042 eutem
1025 2980 1170 3042 uerentes
1201 2976 1303 3042 dioere
1332 2979 1425 3041 deum
1453 2995 1520 3038 esse

162 3078 196 3134 25
214 3072 410 3138 conditorem
437 3074 514 3140 meli
544 3081 741 3142 eoeetemem
768 3075 797 3141 ei
821 3076 985 3141 meteriem
1011 3077 1166 3142 dixerunt.
1202 3074 1265 3142 Sed
1290 3075 1368 3141 mihi
1394 3074 1520 3140 uidetur

213 3171 288 3256 quis
317 3171 371 3236 isti
401 3191 519 3255 omnes,
550 3198 623 3242 uere
654 3178 747 3241 deum
776 3197 840 3240 non
870 3175 1024 3256 timentes,
1054 3176 1116 3240 isto
1146 3175 1308 3242 senserint
1344 3173 1413 3241 Nos
1443 3190 1518 3257 ergo

293 4000 343 4068 tls
364 3998 431 4056 cod
451 3999 578 4072 prodnoit
600 4001 605 4070 t
627 4000 645 4056 u
667 3999 733 4056 (lod.
751 4001 855 4068 Inullo,
880 4001 933 4056 mit
952 4002 1042 4058 einem
1068 4003 1180 4058 kleinen
1208 4019 1257 4056 »n«
1282 4002 1351 4057 uber
1372 4000 1421 4056 der
1443 4001 1515 4058 Zeile

208 4085 344 4140 zwisehen
363 4103 411 4138 »n-
430 4085 488 4140 und
506 4103 554 4139 ›n‹
571 4087 575 4154 t
592 4085 632 4142 14
649 4085 714 4141 eod.
727 4085 896 4155 respondete,
914 4103 954 4156 gr.
973 4083 1139 4160 ἀποκρίνου.
1167 4085 1222 4141 Der
1232 4085 1308 4140 Plur.
1321 4087 1389 4156 geht
1400 4105 1449 4141 rur
1459 4085 1515 4141 Not

207 4187 255 4225 en:
272 4169 317 4224 ihr
328 4167 538 4226 Valentiniener
552 4171 556 4238 Ι
572 4170 610 4225 21
629 4185 721 4225 nonne
734 4169 757 4224 si
768 4187 864 4225 uerum
876 4171 912 4226 ist
925 4171 1048 4226 offenber
1060 4170 1223 4227 verdorben
1254 4169 1379 4241 Uesperi:
1399 4187 1513 4236 monne,

206 4253 352 4320 sinerum,
386 4253 490 4309 felleris
519 4254 673 4322 Dreros-it«,
691 4271 747 4309 wes
764 4255 865 4310 keinen
875 4257 989 4312 rechten
1001 4255 1068 4312 Sinn
1081 4254 1166 4326 giebt
1196 4253 1394 4309 Vielleiohtist
1408 4271 1514 4310 »nonne

205 4338 356 4394 sinerum«
376 4337 568 4393 versohrieben
585 4339 654 4393 stett
672 4355 744 4393 »non
761 4341 803 4395 est
818 4357 939 4397 nerum«.
956 4341 1025 4396 -B
1039 4340 1045 4410 Ι
1061 4339 1127 4395 cod.
1146 4338 1304 4395 nonnullos.
1333 4338 1432 4393 Duos
1448 4355 1513 4394 men

205 4423 373 4487 ennehmem
401 4423 464 4478 deso
481 4423 553 4477 neoh
573 4421 668 4478 »lieet«
690 4423 757 4479 oder
773 4423 845 4479 enoh
864 4425 1029 4481 »ereriberet
1050 4425 1187 4479 »eonstetu
1207 4423 1273 4479 oder
1294 4425 1432 4478 monetet«
1452 4441 1511 4479 ens·

205 4505 326 4578 geleiten
348 4506 399 4572 eei,
421 4508 480 4562 und
502 4522 561 4562 ›se‹
585 4507 732 4573 etreiehem
759 4524 789 4564 so
806 4513 880 4565 were
903 4507 1080 4564 »nonnullos«
1104 4525 1138 4564 ru
1154 4507 1286 4562 behelten
1310 4509 1314 4576 Ι
1339 4508 1378 4565 28
1397 4507 1445 4563 elii
1463 4523 1513 4563 vor

204 4590 296 4661 deum]
318 4590 384 4646 Ood.
403 4591 480 4648 elios.
511 4591 573 4662 Vgl.
592 4591 637 4648 die
657 4609 771 4664 voreng.
788 4597 869 4648 Anm.
893 4595 898 4664 Ι
922 4593 988 4651 God
1006 4591 1212 4660 eondititorem,
1236 4592 1288 4646 mit
1309 4591 1399 4648 einem
1422 4593 1510 4648 Strioh

204 4678 284 4731 unter
303 4675 365 4731 »ti«.
