3744 5528
214 475 327 549 Oaspari
344 476 370 530 V
388 492 411 533 o.
428 478 469 532 26.
808 474 917 548 Dialog-
1457 489 1517 554 233

215 649 246 712 et
266 649 379 710 natura
400 647 438 710 de
460 650 543 710 terra
565 648 624 710 est:
654 643 699 709 ita
725 649 757 710 et
781 643 863 710 illud
889 668 1001 730 corpus
1033 649 1118 731 quod
1139 645 1282 713 futurum
1309 652 1355 713 est
1380 647 1520 732 spiritale

212 745 281 812 iure
303 767 375 812 caro
392 746 516 826 dicitu,
539 745 613 831 quia
628 746 717 830 origo
739 745 806 811 eius
826 767 864 810 ex
886 767 979 814 earne
998 751 1053 813 est
1087 745 1180 812 Unde
1200 751 1323 813 constat
1341 748 1519 832 apostolum

214 849 300 931 quod
330 845 418 911 dicit:
452 849 531 920 Οιιὶιι
555 867 623 910 coro
653 855 680 910 el
704 851 830 926 emapuis
858 869 984 928 raporum
1004 850 1052 911 dei
1075 869 1139 911 ooo
1162 851 1364 928 possidebam,
1396 851 1519 914 nonde

212 950 325 1011 natura
350 944 452 1010 carnis
477 946 534 1009 sed
556 946 594 1008 de
616 943 821 1027 qualitatibus
843 945 966 1011 dixisse.
1007 945 1051 1011 Et
1074 945 1146 1012 ideo
1168 947 1245 1010 haec
1271 951 1319 1011 est
1340 967 1412 1012 caro
1439 969 1519 1031 quae

178 1049 356 1129 oresurget
386 1049 417 1110 et
442 1066 506 1110 non
532 1043 596 1108 alia
621 1064 678 1127 pro
704 1045 764 1108 hac
795 1044 866 1126 erit,
897 1045 1051 1130 quidquid
1076 1044 1157 1110 illud
1187 1049 1234 1110 est
1263 1049 1349 1129 qnod
1378 1047 1520 1112 fotinum

213 1150 267 1212 est
304 1143 357 1210 Sic
372 1144 456 1210 enim
478 1142 555 1208 dicit
569 1142 745 1225 apostolus:
769 1148 849 1219 Quoia
869 1149 1054 1227 oomupltbile
1072 1149 1126 1208 boo
1145 1149 1520 1228 induetimmortolitotoo,

212 1267 293 1330 quae
327 1243 437 1328 utique
470 1242 559 1308 uelut
590 1264 686 1308 mauu
720 1243 909 1309 continentis
945 1248 977 1309 et
1010 1245 1253 1311 demonstrantis
1287 1245 1424 1328 apostoli
1456 1268 1519 1312 uox

211 1345 344 1410 uidetur.
386 1341 499 1427 Neque
522 1342 660 1408 enimin
684 1345 746 1409 hoc
766 1343 992 1428 praeiudicium
1014 1343 1144 1428 aliquod
1165 1349 1220 1422 est,
1247 1345 1330 1410 sieut
1350 1367 1421 1412 mea
1446 1367 1519 1411 caro

212 1448 243 1510 et
260 1443 388 1528 sanguis
411 1446 442 1508 et
456 1441 596 1525 corporis
619 1441 776 1508 uocabulo
791 1447 998 1526 nuncupatur,
1020 1443 1191 1527 aliquando
1207 1465 1330 1528 corpus,
1350 1444 1519 1530 aliquando

161 1543 195 1599 10
212 1565 284 1610 caro
314 1541 502 1620 nominatur,
533 1562 667 1626 quorum
697 1541 831 1608 alterum
857 1542 887 1607 ei
915 1541 949 1606 in
973 1543 1033 1608 hac
1061 1542 1129 1608 uita
1153 1544 1355 1623 uocabulum,
1385 1545 1519 1610 alterum

211 1642 360 1710 conuenit
380 1641 415 1706 in
436 1640 551 1706 futura
587 1640 676 1707 Sicut
698 1641 780 1706 enim
803 1641 908 1706 anima
929 1641 1044 1706 dicitur
1066 1642 1160 1707 etiam
1174 1642 1312 1726 spiritus,
1335 1647 1367 1708 et
1384 1648 1519 1727 utroque

211 1742 366 1810 uocabulo
396 1763 461 1805 una
493 1745 588 1826 etque
618 1744 728 1806 eadem
755 1763 804 1806 res
836 1741 1027 1825 designatur,
1058 1741 1162 1825 aptius
1191 1746 1305 1823 tamen,
1336 1764 1407 1807 cum
1438 1743 1520 1808 inter

210 1844 353 1908 homines
375 1845 430 1918 est,
460 1840 589 1919 animae,
617 1862 689 1906 cum
710 1843 792 1906 inter
818 1841 947 1926 angelos
969 1841 1071 1919 fuerit,
1099 1840 1227 1924 spiritus
1254 1841 1519 1925 appellationibus

211 1946 355 2008 censetur
374 1966 393 2002 ιι
415 1965 435 2002 ιι
457 1965 477 2002 ιι
499 1964 518 2000 ss
540 1966 559 2002 ιι
581 1965 614 2020 ιι,
643 1941 746 2024 aptius
769 1945 875 2006 tamen
900 1942 934 2006 in
963 1941 1119 2024 praesenti
1146 1942 1214 2006 uita
1240 1963 1322 2016 curo,
1353 1941 1387 2006 in
1412 1942 1519 2008 futura

160 2050 194 2104 15
212 2063 325 2126 eorpus
351 2043 539 2122 nominatur,
568 2041 705 2107 maxime
730 2061 802 2106 curn
832 2042 992 2124 profectus
1023 2041 1090 2106 eius
1118 2043 1158 2104 ad
1187 2040 1455 2107 immortalitatem
1486 2046 1517 2107 et

212 2141 345 2226 gloriam
365 2164 430 2207 non
451 2142 554 2208 solum
576 2163 689 2225 corpus
712 2163 788 2219 eam,
810 2144 866 2206 sed
887 2144 919 2206 et
939 2140 1080 2223 spiritale
1102 2161 1215 2223 corpus
1236 2141 1333 2205 faciat
1353 2141 1519 2206 nominari

211 2239 291 2306 Caro
313 2244 419 2306 tamen
440 2242 490 2320 sit,
511 2263 570 2307 nec
591 2241 678 2307 alind
699 2239 828 2324 aliquid,
852 2261 932 2323 quae
953 2241 987 2304 in
1007 2241 1069 2305 hoo
1087 2240 1138 2304 dei
1158 2239 1324 2306 uoluntate
1341 2240 1518 2323 profecerit

292 2345 380 2406 Elutr.
399 2346 437 2406 ot:
459 2340 606 2406 Dilucide
625 2339 797 2404 deelarauit
818 2339 900 2422 quia,
922 2343 1035 2404 natura
1056 2339 1157 2404 carnis
1178 2339 1232 2404 uel
1252 2339 1429 2404 substantia
1449 2361 1518 2423 per-

210 2443 365 2515 manente,
389 2439 525 2524 qualitas
543 2440 578 2504 in
591 2439 818 2504 resurrectione
834 2441 980 2503 mutatam.
1010 2437 1053 2502 Et
1065 2438 1158 2502 uideo
1175 2441 1261 2522 quod
1279 2437 1373 2503 huius
1388 2443 1518 2503 naturae

157 2543 192 2601 20
210 2538 252 2604 sit
273 2560 386 2622 corpus
407 2542 444 2603 ut
465 2538 628 2604 uoluntate
656 2539 706 2604 dei
728 2537 896 2623 qualitates
916 2538 1097 2622 frequenter
1116 2539 1271 2603 immutet.
1313 2535 1411 2618 Nam,
1437 2538 1519 2603 sieut

209 2637 387 2703 recitabatis
416 2638 450 2702 in
482 2637 594 2704 Genesi
624 2639 726 2721 primo
757 2640 833 2702 deus
865 2659 978 2722 corpus
1008 2637 1159 2703 formauit
1190 2660 1227 2701 ex
1256 2642 1347 2702 terra
1389 2636 1426 2702 ln
1454 2659 1517 2721 quo

209 2736 386 2803 ostenditur
407 2740 492 2821 quod
510 2741 656 2803 manente
676 2737 885 2821 (substantia)
901 2737 1036 2822 qualitas
1057 2737 1223 2802 immutata
1245 2741 1300 2804 est
1329 2735 1518 2802 Permanere

210 2835 326 2901 etenim
346 2835 381 2900 in
401 2858 438 2902 eo
461 2840 538 2903 dens
559 2838 626 2921 ipse
647 2837 839 2921 pronuntiat,
870 2857 941 2900 eum
963 2836 1041 2902 dicit
1067 2840 1108 2901 ad
1125 2837 1299 2903 hominem:
1333 2842 1420 2902 Terra
1440 2860 1471 2901 es
1491 2847 1518 2901 et

208 2941 243 3000 e'o
266 2947 374 3001 bomo
394 2940 460 3002 ibe‘a.
495 2935 538 3002 ΕΙ
557 2959 682 3001 rursum
702 2935 847 3001 uidemus
867 2938 952 3021 quod
973 2935 1179 3002 morientibus
1201 2936 1381 3003 hominibus
1402 2935 1517 3001 iterum

157 3036 346 3120 aequalitas
369 3035 508 3118 eorporis
529 3035 715 3101 immutatur
737 3057 775 3100 ex
797 3057 898 3101 carne.
933 3033 1060 3100 Etenim
1082 3035 1219 3101 efficitur
1232 3040 1316 3101 terra
1336 3034 1389 3099 uel
1402 3034 1515 3118 puluis.

209 3135 377 3201 Permanet
394 3139 500 3200 tamen
520 3135 678 3200 indefecta
698 3138 730 3199 et
749 3134 916 3200 incolumis
934 3136 1014 3200 ratio
1030 3135 1252 3201 substantialis.
1283 3135 1366 3212 Quid
1383 3133 1516 3199 incredi-

208 3234 272 3300 bile
295 3239 349 3299 aut
370 3234 565 3317 impossibile
591 3235 717 3299 uidetur
742 3235 782 3316 si,
803 3238 1005 3318 permanente
1026 3235 1150 3319 integra
1171 3233 1293 3302 ratione
1314 3233 1516 3312 substantiae,

210 3334 379 3418 qualitates
402 3337 476 3412 eius,
499 3355 579 3418 quae
600 3333 664 3398 iem
685 3334 865 3419 frequenter
886 3333 937 3399 dei
951 3333 1115 3399 uoluntate
1136 3337 1274 3399 mutatae
1289 3337 1371 3412 sunt
1393 3355 1517 3398 rursum

209 3437 382 3500 secundum
414 3457 450 3499 ea
471 3455 551 3516 quae
581 3435 698 3517 scripta
723 3438 797 3499 sunt
826 3434 990 3499 uoluntate
1016 3433 1067 3499 dei
1094 3438 1126 3498 et
1149 3433 1268 3500 uirtute
1293 3434 1327 3497 in
1347 3433 1459 3499 melius
1486 3436 1518 3498 et

158 3545 192 3600 30
211 3533 380 3619 gloriosius
407 3537 647 3615 commutentur,
674 3554 733 3598 nec
757 3537 864 3598 tamen
888 3533 1083 3598 substantiae
1104 3534 1246 3600 ueritatis
1272 3535 1352 3599 ratio
1373 3533 1517 3598 interisse

296 3714 376 3786 beet]
391 3713 455 3770 Ood.
466 3715 523 3769 eius
538 3715 542 3783 Ι
558 3715 577 3771 o
590 3714 648 3771 Vor
661 3714 869 3786 »corruptibile«
883 3716 957 3770 steht
968 3715 1006 3769 im
1018 3713 1084 3770 (lod.
1094 3716 1167 3770 noch
1180 3731 1273 3772 »earo«
1291 3716 1296 3784 Ι
1314 3716 1327 3768 1
1338 3715 1398 3770 Cor.
1409 3715 1452 3770 15:
1465 3714 1498 3770 53
1512 3715 1516 3784 Ι

213 3801 227 3855 l
252 3817 336 3854 mann
359 3798 533 3854 continentis.
563 3799 597 3854 So
621 3799 669 3853 der
691 3797 757 3854 eoo.
792 3799 916 3870 Caepari:
938 3816 1050 3854 manum
1072 3800 1250 3855 intendentis.
1285 3799 1411 3854 Leichter
1432 3803 1517 3852 wtre:

210 3900 294 3938 manu
311 3883 489 3939 ostendentis.
518 3884 562 3938 Da
579 3883 646 3939 aber·
664 3883 708 3938 die
719 3883 773 3937 LA.
787 3883 835 3938 des
847 3882 913 3940 eoo.
925 3883 1029 3938 erklart
1046 3884 1157 3939 werden
1174 3885 1258 3951 kann,
1276 3883 1349 3939 habe
1365 3883 1411 3937 ich
1427 3881 1517 3936 nichts

210 3967 351 4038 gebndert
369 3999 403 4010 -
414 3969 438 4023 B
453 3969 457 4036 Ι
474 3967 566 4024 8-11
586 3970 619 4025 ln
637 3969 700 4022 dem
712 3968 792 4023 Setae
806 3968 914 4037 ’Neque
926 3967 1000 4023 enim
1011 3999 1045 4007 —
1056 3967 1163 4023 futura«
1177 3967 1249 4024 fehlt
1265 3971 1357 4024 etwas.
1387 3967 1443 4022 Hat
1455 3965 1518 4021 Rnf.

210 4051 363 4108 vielleioht:
392 4052 503 4121 (quod),
526 4052 597 4108 sieut
618 4069 682 4108 mea
702 4070 765 4109 caro
789 4054 839 4107 eet.
864 4051 1062 4123 geschu’eben‘?
1080 4053 1146 4106 -B
1170 4053 1174 4121 Ι
1197 4052 1218 4108 b
1236 4052 1301 4109 (lod.
1318 4053 1491 4122 nuncupetur
1513 4051 1518 4118 Ι

212 4137 250 4194 lo
270 4137 336 4193 eod.
355 4137 449 4191 anima
471 4138 475 4204 Ι
501 4135 539 4193 14
556 4136 622 4192 Hier
639 4141 749 4193 missen
765 4137 863 4192 Worte
880 4137 933 4192 wie
958 4135 1014 4190 »ita
1031 4138 1059 4191 et
1076 4152 1140 4191 caro
1158 4135 1259 4192 dieitur
1275 4135 1360 4192 etiarn
1377 4151 1474 4206 corpus
1491 4136 1520 4190 et

210 4223 328 4291 unoque
345 4221 481 4277 uocabulo
498 4239 556 4276 una
567 4224 650 4291 atque
668 4221 763 4277 eadem
775 4239 817 4276 res
830 4219 1003 4292 designatur«
1024 4219 1196 4290 anagefallen
1208 4220 1274 4276 sein.
1304 4220 1365 4290 (Die
1376 4219 1517 4274 Einsehal·

210 4308 352 4376 tungren
372 4309 415 4361 »et
431 4308 548 4375 utroque
560 4335 594 4346 -
606 4305 781 4375 designatur«
800 4306 837 4361 ist
855 4304 1004 4376 jedenfallr
1023 4305 1147 4374 unnbtig.
1165 4335 1198 4346 —-
1210 4306 1244 4372 Β)
1268 4309 1273 4372 Ι
1298 4303 1337 4361 14
1356 4303 1421 4359 (lod.
1441 4320 1517 4358 »cen-

210 4392 326 4445 seatur«.
344 4391 412 4445 —B
427 4391 431 4456 Ι
448 4390 487 4446 22
508 4389 692 4445 »substantia«
715 4389 752 4446 ist
774 4391 812 4446 im
832 4389 896 4446 Ced.
915 4387 1086 4459 anagefallen
1105 4391 1109 4459 Ι
1130 4388 1169 4447 ae
1188 4389 1253 4445 (lod.
1271 4389 1409 4443 indefessa
1428 4389 1431 4456 Ι
1452 4387 1518 4442 Cod.

209 4472 354 4529 incolomis
374 4475 379 4542 Ι
400 4474 440 4531 80
459 4474 523 4531 ooo
542 4474 697 4530 substantia
718 4474 844 4529 ueritatis
867 4474 947 4528 ratio.
983 4473 1095 4545 Caspari
1111 4473 1183 4529 will:
1203 4474 1428 4529 »commutentna
1462 4471 1519 4526 Nec

210 4559 304 4612 tamen
321 4558 476 4614 substantia
491 4559 617 4614 ueritatis
634 4557 755 4614 ratione«
775 4558 841 4615 oder
856 4558 1040 4613 ’substantiae
1057 4557 1183 4614 ueritatis
1201 4557 1297 4614 ratio«.
1328 4557 1465 4612 Letatercs
1482 4555 1519 4610 ist

211 4660 247 4697 m.
265 4641 298 4696 ll.
316 4643 497 4698 vorauaiehen
515 4643 650 4713 (ecumbe
667 4641 739 4699 ratio
756 4668 789 4687 =
807 4642 917 4710 veritas,
934 4641 988 4698 wie
1002 4641 1041 4696 im
1057 4641 1288 4714 vorangehendsu
1308 4641 1432 4712 »integra
1448 4639 1519 4696 ratio
