3708 5498
193 425 311 497 creperi
330 427 368 482 111
387 444 410 484 c.
430 429 469 484 12.
488 427 528 484 13.
795 427 903 499 Dialog.

279 601 355 662 Mar.
377 601 417 663 d:
439 593 567 662 Certum
589 601 637 663 est
658 597 733 682 quia
753 621 772 663 e
794 601 860 665 deo.

280 701 369 760 Eutr.
391 701 431 760 d:
453 697 481 760 A
502 697 597 778 bono,
617 720 657 763 an
679 721 698 762 e
719 698 823 764 malo?

278 801 355 862 Mor.
376 801 417 862 d:
438 795 509 882 Ego
530 820 628 863 unum
651 801 745 864 deum
766 797 846 864 coeli
868 797 944 863 noui
965 818 1033 862 esse
1053 797 1179 860 bonum.

277 902 335 962 Ad.
356 901 396 963 d:
418 895 540 962 Malum
562 915 636 982 ergo
658 897 712 962 ubi
739 897 817 964 dicia
839 919 914 964 esse.

152 1001 169 1054 5
275 1001 353 1064 Mor.
374 1001 415 1061 d:
435 993 472 1062 Iu
493 1000 584 1062 terra
620 996 673 1064 Sic
688 997 771 1064 anim
786 997 863 1064 dicit
878 996 1034 1064 Christus:
1060 999 1130 1061 Uidi
1144 999 1291 1062 Sctooom
1305 997 1383 1056 siem
1397 995 1501 1072 sulpur

184 1098 488 1162 monocerote.

275 1198 331 1260 Ad.
347 1199 389 1260 d:
412 1193 647 1281 consequenter
666 1216 741 1281 ergo
763 1201 795 1262 et
817 1196 950 1263 Satanas
972 1196 1005 1260 in
1025 1200 1109 1262 terra
1129 1193 1251 1280 positus
1269 1191 1447 1258 continetur
1468 1195 1500 1256 et

185 1293 313 1378 regitur
333 1296 372 1361 ab
393 1317 430 1360 ea
450 1296 567 1362 uirtute
589 1319 669 1382 quaa
691 1297 823 1382 rogitet
845 1297 986 1362 continet
999 1300 1124 1374 tanam,
1146 1299 1177 1360 at
1191 1315 1254 1359 nou
1272 1296 1378 1376 potest
1396 1292 1498 1356 dicere

184 1391 264 1476 quia
287 1394 363 1460 boni
385 1395 437 1462 dei
457 1395 567 1474 uirtus,
598 1419 678 1482 quse
703 1398 786 1481 ragit
811 1401 935 1472 terrem,
965 1418 1029 1462 nou
1055 1393 1149 1460 simul
1177 1414 1249 1458 cum
1276 1413 1313 1457 ee
1338 1391 1498 1457 contineat

135 1495 167 1548 10
183 1491 284 1558 etiarn
307 1499 457 1574 satanam,
479 1501 511 1561 et
532 1495 591 1562 arit
603 1519 702 1562 unum
723 1519 761 1562 ex
781 1497 892 1572 tribus,
913 1500 950 1562 ut
970 1500 1025 1561 eut
1039 1497 1191 1560 concedat
1212 1491 1248 1571 ei,
1270 1496 1324 1556 eut
1339 1513 1411 1556 eum
1432 1513 1495 1556 non

183 1593 290 1675 possit
311 1593 500 1674 interimere,
520 1601 575 1662 aut
595 1596 719 1682 ignoret
741 1596 816 1682 quie
838 1601 892 1662 eat

271 1699 359 1760 Eutr.
373 1699 413 1759 rt:
434 1691 505 1760 Hoc
526 1695 725 1762 uerissimum
747 1700 803 1762 est

272 1815 299 1860 c.
320 1795 432 1864 XIII.
467 1799 523 1861 Ad
544 1801 585 1862 d:
613 1793 732 1861 Uerum
754 1796 904 1880 quoniam
929 1795 1121 1861 mentionem
1142 1793 1218 1858 fecit
1239 1789 1395 1876 euangelii
1417 1811 1494 1874 quo·

182 1895 283 1960 modo
311 1891 442 1960 Satanas
468 1897 506 1959 de
537 1893 626 1960 coelo
653 1896 808 1977 ceciderit
837 1895 955 1962 iustum
980 1893 1059 1959 mihi
1089 1893 1216 1958 uidetur
1241 1891 1335 1956 etiem
1365 1893 1403 1954 de
1433 1891 1494 1956 hoc

133 1991 164 2044 15
182 2011 289 2074 penca
310 1992 473 2074 discutere,
494 1998 530 2060 ut
552 2017 588 2061 ao
610 1995 711 2080 magis
732 1995 849 2061 ueritas
863 1995 964 2061 diuini
985 1993 1144 2080 dogmatis
1159 1992 1316 2058 enitescat
1347 1989 1494 2056 Salustor

183 2092 303 2158 etenim
325 2115 382 2178 per
406 2094 467 2160 hoc
495 2094 599 2161 uoluit
624 2097 787 2160 ostendere
817 2117 890 2160 eum
914 2094 1075 2180 angelum,
1106 2092 1162 2179 qui
1187 2115 1205 2156 a
1231 2094 1290 2156 deo
1316 2090 1418 2156 factus
1445 2095 1493 2156 ast

182 2195 215 2256 at
235 2191 320 2258 locis
341 2195 498 2278 particeps
520 2193 589 2274 fuit,
614 2197 816 2277 postmodum
836 2217 893 2279 per
913 2193 1005 2260 liberi
1026 2192 1148 2259 arbitrii
1169 2190 1352 2257 facultatem
1379 2189 1413 2254 in
1438 2192 1491 2255 de-

182 2291 285 2358 terius
316 2297 544 2359 commutatrm
569 2293 603 2359 in
633 2299 809 2377 apostatam
839 2295 1000 2362 decidisse.
1044 2291 1119 2360 Non
1140 2291 1223 2357 euim
1245 2291 1355 2355 cadere
1376 2288 1490 2374 aliquis

180 2390 244 2456 uisi
266 2413 286 2456 s
307 2393 521 2476 superioribus
546 2393 661 2459 dicitur
687 2399 718 2459 et
743 2394 805 2460 uisi
829 2394 884 2460 ilie
911 2393 966 2478 qui
987 2392 1122 2471 steterit3
1148 2391 1230 2456 mcut
1255 2389 1350 2454 etiem
1375 2388 1408 2453 in
1429 2389 1489 2452 hoc

131 2491 163 2547 20
180 2489 252 2574 ipso
284 2491 472 2571 ostenditur,
502 2514 574 2558 cum
605 2493 682 2560 dicit
712 2516 783 2559 eum
809 2494 891 2561 sicut
920 2493 1029 2580 fulgur
1055 2491 1204 2558 cecidisse
1234 2491 1272 2552 da
1299 2486 1400 2566 coelo,
1433 2488 1488 2572 qui

178 2589 293 2674 utique
315 2611 418 2656 sermo
445 2593 589 2676 designet
610 2596 642 2658 et
667 2594 805 2660 ostendit
835 2617 907 2660 eum
933 2593 1014 2658 lucis
1039 2591 1137 2656 irrisae
1163 2588 1357 2674 participem,
1386 2587 1488 2670 prius·

179 2709 279 2772 qnam
302 2693 479 2756 mutaretur
499 2695 531 2757 et
552 2695 685 2774 caderet,
707 2693 782 2778 quic
801 2695 836 2760 iu
856 2692 983 2778 fulgure
1005 2690 1132 2756 claritas
1152 2689 1232 2754 lucis
1253 2685 1437 2754 ostenditur.

264 2793 350 2856 Eutr.
370 2794 411 2856 d:
432 2789 667 2878 consequenter
689 2816 722 2860 se
744 2794 840 2859 habet
860 2813 963 2858 sermo
985 2792 1061 2876 qnia
1081 2794 1113 2855 et
1133 2785 1328 2872 impossibile
1354 2789 1402 2851 est
1423 2787 1484 2850 duo

178 2909 248 2954 esee
269 2889 419 2974 ingenita

128 2989 161 3046 25
264 2995 340 3056 Mor.
361 2995 403 3054 d:
425 2991 547 3058 Auctor
568 3011 642 3077 ergo
664 2991 740 3058 meli
762 2991 822 3058 erit
842 2993 952 3057 bouus.

262 3093 318 3154 Ad
340 3093 380 3156 d:
406 3086 481 3155 Non
501 3093 580 3174 puto
601 3091 772 3157 absurdum
793 3091 894 3158 uideri
915 3093 942 3156 si
963 3089 1142 3174 exemplum
1163 3091 1201 3154 de
1226 3089 1320 3154 rebus
1342 3088 1486 3154 materia·

179 3185 266 3252 libus
286 3188 491 3273 proferemus,
520 3195 556 3254 ut
581 3190 682 3275 magis
707 3191 764 3256 fiat
784 3190 985 3275 perspicuum
1012 3192 1097 3275 quod
1123 3189 1320 3274 requirimus.
1354 3187 1389 3254 Si
1414 3189 1485 3272 quis

181 3285 263 3354 forte
285 3289 375 3354 faber
395 3293 451 3354 ant
471 3289 560 3356 fusor
580 3294 717 3356 statuam
737 3291 862 3370 fuderit,
884 3291 975 3356 uerbi
995 3312 1089 3356 cause
1110 3311 1148 3356 ex
1169 3289 1301 3354 materia
1317 3288 1397 3354 aeris
1418 3287 1486 3352 siue

180 3387 304 3470 argenti
326 3409 458 3472 eamque
476 3390 641 3457 tradiderit
659 3393 699 3456 ed
713 3413 871 3456 summum
893 3391 1026 3474 politam
1041 3395 1073 3456 et
1094 3389 1346 3474 splendidissimo
1361 3385 1485 3472 fulgore

132 3487 165 3542 ³0
181 3486 258 3552 ertia
280 3509 318 3554 ac
339 3487 460 3553 metalli
480 3490 661 3570 redientem,
686 3495 797 3574 postea
817 3494 922 3557 autem
943 3489 1144 3577 neglegentia
1165 3489 1231 3555 eiua
1253 3487 1309 3572 qui
1330 3487 1486 3571 acceperit

181 3583 222 3650 ab
244 3585 365 3652 artifice
386 3592 492 3654 statue
511 3589 581 3674 ipsc
602 3595 773 3674 occupetur
798 3591 947 3674 aerugine
973 3594 1006 3656 et
1031 3589 1187 3656 efficiatur
1213 3588 1374 3656 horridum
1400 3589 1485 3672 quod

181 3683 269 3768 prius
290 3685 490 3770 splendidum
511 3689 622 3770 fueret,
641 3690 796 3773 numquid
817 3689 944 3774 culpem
971 3689 1063 3756 huius
1090 3689 1136 3754 rai
1161 3689 1274 3758 merito
1300 3687 1485 3754 ascribimus

181 3784 317 3852 artifici?

269 4265 288 4322 8
307 4264 407 4337 dicere]
425 4269 536 4340 Corpori
547 4271 641 4334 meint,
660 4270 722 4326 dara
739 4271 799 4326 hier
817 4271 936 4326 »dicere«
957 4275 989 4326 st.
1004 4271 1089 4326 ›diei‹
1109 4270 1190 4326 steht
1222 4269 1346 4326 »Dicere«
1365 4269 1402 4324 iat
1419 4267 1485 4323 aber

184 4347 293 4420 richtig.
322 4349 386 4404 Non
398 4355 489 4422 potest
504 4353 600 4421 dicere,
612 4353 650 4409 ul.
662 4355 792 4410 Marinus
811 4355 878 4410 -B
894 4357 898 4424 1
915 4355 950 4411 ll
966 4355 1032 4411 eod.
1045 4357 1143 4426 posset,
1161 4354 1212 4410 mit
1226 4355 1264 4409 d«
1278 4351 1484 4408 dberu.St1ioh

184 4435 263 4488 anter
284 4449 329 4488 »e«
354 4437 359 4504 Ι
384 4434 422 4492 18
441 4438 604 4508 apostatam]
623 4437 689 4494 eod.
706 4441 870 4510 reportatum.
901 4439 963 4510 Vgl.
981 4439 1007 4494 S.
1026 4443 1136 4506 129,16.
1154 4440 1221 4494 -Β
1245 4441 1250 4507 Ι
1274 4440 1314 4496 2⁰
1330 4437 1398 4510 ipso]
1417 4437 1483 4493 God.

183 4515 291 4588 iprum!
308 4517 345 4575 21
366 4519 432 4575 Ood.
449 4521 578 4590 luci128
595 4521 661 4578 eod.
680 4524 774 4586 fuerit.
797 4523 850 4579 mit
873 4524 920 4578 »d«
940 4523 1008 4580 dber
1030 4523 1055 4581 d
1074 4523 1146 4580 Zeila
1161 4525 1166 4594 Ι
1181 4524 1221 4580 110
1238 4523 1303 4580 Cod.
1322 4521 1483 4594 negfiendu

183 4601 279 4658 veter
298 4607 384 4660 uuteu
402 4605 526 4678 dagegeu
545 4606 888 4678 rwdmetmeglegenue«
906 4609 965 4677 182
983 4608 1152 4672 Codfieret
1171 4609 1222 4664 mit
1241 4627 1287 4663 »n«
1307 4609 1374 4664 uber
1393 4609 1442 4663 »i«.
