3708 5528
219 506 314 574 aspari
336 508 349 560 1
367 525 390 563 c.
408 513 449 564 11.
468 510 508 566 12.
803 513 910 584 Dielog.
1466 525 1505 586 27

203 695 267 757 que
289 677 479 758 perspicere,
505 679 609 761 Moysi
631 684 662 744 et
683 678 811 760 Christi,
834 685 865 745 et
885 681 993 745 uidere
1018 679 1045 744 si
1067 679 1178 746 similis
1200 703 1241 745 an
1262 683 1423 749 dissimilis
1449 685 1509 749 sibi

204 774 254 840 sit
297 775 422 858 Moyses
444 778 589 842 manibus
611 780 746 845 extensis
767 780 920 864 populum
943 782 1120 846 credentem
1141 780 1209 846 Deo
1231 781 1380 863 saluauit,
1401 785 1508 850 hostes

204 895 281 940 uero
303 875 369 941 eius
392 879 423 940 et
448 879 643 944 aduersarios
668 878 834 946 interemit
877 879 1021 946 Christus
1043 899 1131 964 ergo,
1157 881 1185 944 si
1206 882 1341 946 extensis
1363 884 1508 949 manibus

205 975 269 1038 suis
296 996 404 1040 omnes
426 976 531 1042 saluos
558 977 695 1058 fecisset,
722 983 882 1045 credentes
905 985 936 1043 et
956 1002 1021 1044 non
1043 982 1215 1059 credentes,
1242 981 1312 1063 pios
1334 986 1365 1045 et
1385 983 1507 1066 impios,

168 1080 186 1132 5
204 1073 361 1140 uidebaris
376 1074 497 1158 aliquid
511 1077 622 1141 dicere.
658 1075 753 1142 Nunc
768 1101 850 1156 vero,
874 1101 945 1144 oum
967 1083 1086 1143 certum
1108 1077 1150 1142 sit
1171 1080 1326 1144 neminem
1349 1105 1368 1144 a
1383 1080 1506 1148 Christo

204 1173 331 1252 saluari‚
362 1175 423 1239 nisi
455 1177 510 1258 qui
535 1175 564 1240 ei
590 1178 768 1256 crediderit,
798 1178 941 1243 infideles
972 1183 1075 1242 autem
1100 1182 1130 1242 et
1155 1177 1333 1244 incredulos
1359 1183 1507 1264 deperire,

203 1272 347 1338 similiter
376 1279 412 1338 ut
440 1276 522 1358 perit
553 1280 584 1340 et
608 1275 663 1341 ille
688 1281 764 1341 tunc
784 1277 950 1356 Amalech,
981 1278 1058 1361 quid
1080 1277 1131 1342 hic
1152 1278 1277 1342 uidetur
1298 1281 1508 1347 contrarium?

204 1372 348 1457 Denique
374 1380 579 1458 posteaquam
602 1374 744 1441 Christus
774 1398 886 1442 manus
912 1377 1052 1441 extendit
1077 1378 1111 1441 in
1136 1375 1347 1456 Hierusalem,
1373 1381 1508 1462 populus

203 1471 269 1552 ille,
300 1474 355 1556 qui
381 1474 410 1538 ei
430 1496 494 1539 non
515 1475 660 1547 eredidit,
692 1497 755 1538 una
781 1496 853 1540 cum
874 1477 992 1560 templo
1013 1476 1084 1558 ipso
1106 1481 1137 1540 et
1157 1478 1235 1541 urbe
1256 1483 1431 1560 prostratus
1453 1483 1507 1554 est,

153 1576 186 1630 10
204 1576 244 1650 et,
267 1572 294 1636 si
315 1575 386 1656 quis
407 1574 489 1640 forte
510 1575 672 1657 superfuit,
694 1577 826 1639 extorris
846 1576 949 1658 petria
970 1580 1001 1640 et
1023 1575 1166 1658 captiuus
1187 1577 1341 1641 obductus
1363 1582 1418 1642 est.
1460 1577 1508 1642 lte

203 1671 315 1736 similis
341 1679 398 1738 ast·
409 1675 549 1740 extensio
574 1695 725 1739 manuum
752 1675 916 1760 utriusque
942 1699 998 1760 per
1023 1676 1141 1753 omnia,
1172 1674 1247 1758 quia
1274 1679 1305 1740 et
1325 1677 1427 1742 forma
1447 1677 1509 1742 suit

202 1773 275 1852 hoc,
301 1776 387 1856 quod
408 1775 495 1856 prius
518 1774 724 1838 adumbrabat
744 1775 883 1855 Moyses,
906 1797 1013 1840 eorum
1041 1795 1120 1858 quae
1141 1777 1343 1858 postmodum
1365 1774 1507 1842 Christus

203 1871 354 1954 impleuit
388 1871 531 1958 Uterque
546 1874 661 1938 etenim
678 1873 710 1936 in
732 1874 911 1938 extensione
932 1897 1082 1938 manuum
1104 1877 1135 1938 et
1156 1873 1290 1938 salutem
1311 1875 1507 1941 credentibus

206 1975 238 2034 et
258 1971 418 2036 interitum
439 1994 502 2037 non
524 1973 720 2038 credentibus
741 1975 906 2056 praestitit.

152 2089 185 2141 15
286 2075 359 2150 dds.
381 2077 420 2136 d:
447 2071 530 2148 Quid
550 2074 583 2137 in
605 2075 665 2138 hoc
687 2077 734 2138 est
755 2072 886 2156 aequale
907 2072 959 2137 uel
981 2071 1103 2137 simile?
1198 2061 1202 2068 ¹

287 2175 371 2235 llum
392 2176 431 2235 d:
467 2169 593 2236 Uideris
618 2173 696 2237 mihi
727 2196 791 2239 non
816 2172 999 2256 intellegere
1029 2194 1109 2256 quae
1136 2173 1294 2251 dicuntur,
1326 2177 1391 2252 aut,
1423 2177 1507 2257 quod

202 2269 302 2354 magis
317 2274 372 2344 est,
394 2271 469 2353 qnid
484 2275 672 2354 respondeas
693 2295 757 2337 non
771 2272 893 2336 habere.
929 2270 1019 2336 Tunc
1040 2273 1156 2338 etenim
1177 2273 1337 2337 diuersum
1358 2277 1413 2336 eut
1433 2295 1505 2338 con-

100 2387 102 2390 ·
201 2369 332 2432 trarium
353 2368 520 2450 uideretur,
543 2371 570 2434 si
589 2393 671 2436 unus
693 2371 826 2436 salutem
848 2371 1055 2449 credentibus,
1077 2373 1156 2436 nlius
1178 2371 1273 2436 etiam
1294 2395 1357 2437 non
1380 2375 1505 2438 creden·

201 2467 286 2532 tibus
313 2469 506 2534 contulisset.
549 2467 644 2534 Nune
664 2492 752 2548 uero,
780 2492 851 2536 oum
873 2475 1005 2554 uterque
1031 2473 1115 2535 idem
1142 2473 1325 2536 ostendatur
1351 2475 1506 2554 operatus,

149 2581 184 2636 20
201 2567 235 2631 in
265 2567 354 2634 nullo
384 2572 489 2651 potest
518 2571 691 2634 contrarius
720 2571 861 2634 iudicari.
905 2569 939 2634 Si
965 2569 1042 2653 quid
1066 2571 1164 2654 igitur
1189 2570 1275 2634 aliud
1301 2573 1410 2650 hebes,
1435 2592 1506 2654 pro·

202 2689 341 2750 sequere.

306 2788 331 2833 c.
352 2769 433 2836 XII.
462 2774 536 2848 Moy.
557 2772 596 2833 rt:
627 2767 663 2833 ln
689 2768 760 2852 lege
787 2771 863 2834 deus
889 2769 978 2834 dicit:
1004 2773 1120 2849 Diliyes
1139 2773 1306 2849 diliymtem
1329 2780 1366 2847 te,
1393 2775 1505 2835 clodio

201 2871 319 2930 habetes
339 2871 499 2931 inimicum
521 2878 616 2932 tuum.
651 2865 769 2933 Noster
790 2872 895 2932 autem
908 2869 1011 2933 bonus
1026 2869 1171 2934 dominus
1186 2868 1274 2933 dicit:
1304 2874 1426 2950 Diliyr'te
1446 2875 1504 2934 tci-

201 2971 295 3032 mr'cos
315 2979 438 3044 malros,
460 2978 487 3030 et
507 2978 586 3031 orate
599 2991 658 3050 pro
680 2974 723 3032 eis
743 2973 797 3050 qui
812 2979 1006 3050 persecuntur
1025 2991 1090 3032 uos.
1420 3047 1423 3054 Ι

150 3077 184 3132 25
286 3071 340 3131 Au
362 3070 401 3131 a:
428 3065 591 3150 Siquidem
616 3067 650 3131 in
676 3068 743 3134 solo
774 3068 940 3152 euangelio
967 3068 1027 3132 hoo
1055 3070 1137 3132 esset
1161 3071 1376 3150 praeceptum,
1405 3067 1507 3134 dicere

202 3165 344 3231 fortassis
370 3165 490 3248 aliquid
515 3167 681 3233 uideretur.
723 3167 825 3244 Quid?
852 3171 938 3252 quod
960 3171 992 3231 et
1017 3167 1049 3231 in
1072 3167 1143 3251 lege
1162 3168 1225 3232 hoc
1249 3167 1333 3231 idem
1355 3166 1506 3250 scriptum

201 3265 388 3342 inuenimus,
410 3287 482 3330 cum
503 3266 591 3331 dicit:
616 3271 652 3333 Si
671 3272 792 3340 uideris,
814 3267 926 3351 inquit,
946 3271 1066 3330 inimici
1087 3271 1133 3330 rai
1153 3273 1256 3330 torrem
1271 3277 1424 3344 mactem,
1446 3291 1508 3331 corr

199 3370 350 3444 permittes
374 3388 443 3430 eum
465 3371 575 3447 perire,
605 3371 656 3430 sed
679 3371 830 3431 reomau
859 3389 928 3430 eum
953 3377 979 3429 at
1008 3371 1109 3430 reddes
1134 3373 1162 3432 ci
1192 3371 1295 3430 bouem
1321 3389 1420 3430 saum.
1466 3365 1509 3430 Et

204 3465 317 3530 iterum
332 3465 421 3530 dicit:
445 3470 481 3530 si
494 3470 607 3530 uideo
620 3471 745 3530 aucum
759 3471 880 3530 inimici
893 3471 939 3529 tui
956 3471 992 3530 in
1011 3470 1066 3529 oia
1086 3471 1227 3544 reddare,
1248 3489 1311 3529 non
1327 3472 1508 3547 pecuedes

152 3573 187 3627 30
203 3587 285 3640 eum,
307 3587 402 3646 caque
422 3588 480 3647 quo
502 3570 610 3630 alloces
629 3589 697 3630 mon
718 3588 750 3630 eo
772 3571 896 3629 cunum
916 3576 943 3629 et
963 3587 1071 3629 comes
1114 3563 1175 3629 Sed
1198 3568 1229 3630 et
1249 3566 1385 3648 populus
1406 3565 1507 3630 insur-

203 3662 284 3727 rexit
310 3685 405 3747 super
425 3665 559 3748 Moysen
585 3672 616 3730 et
642 3666 843 3730 obumbrauit
865 3687 936 3729 eum
958 3664 1059 3748 gloria
1081 3664 1207 3730 domini.
1250 3663 1372 3729 lustum
1397 3667 1507 3750 utique

204 3767 271 3828 erat
285 3785 339 3829 eos
354 3765 409 3847 qui
423 3764 654 3830 insurrexerant
670 3765 759 3830 uelut
779 3764 923 3829 inimicos
944 3766 1039 3846 etque
1052 3764 1251 3828 insidiatores
1265 3765 1410 3829 interimi.
1447 3765 1508 3829 Sed
1568 3758 1572 3768 ’

288 3912 303 3965 l
329 3911 371 3965 lm
393 3910 540 3981 folgenden
562 3913 655 3967 finden
677 3913 728 3967 wir
744 3911 908 3968 wiederholt
926 3911 1064 3982 ›Moyses‹
1084 3931 1109 3966 u.
1131 3911 1288 3982 »Moysen«,
1311 3911 1405 3967 weiter
1422 3915 1507 3966 unten

202 4011 225 4048 c.
245 3995 279 4049 22
297 3994 429 4064 degegen,
447 3996 499 4051 wie
516 3997 576 4052 hier
595 3997 724 4067 »Moysi«,
743 3997 783 4051 uls
800 3997 904 4052 lautete
922 3996 971 4051 der
988 3997 1065 4052 Nom.
1086 3995 1237 4065 ›Moysusa
1268 3995 1332 4065 Vgl.
1350 3995 1400 4050 Ex.
1419 3999 1446 4052 8:
1466 3998 1507 4062 13,

202 4080 265 4134 hev.
279 4082 323 4136 10:
337 4082 352 4134 7
370 4080 453 4151 Vulg.
482 4079 550 4136 Hier
566 4082 615 4152 lag
634 4081 752 4152 »Moysi«
771 4099 816 4136 um
830 4098 860 4136 so
872 4083 965 4148 uther,
984 4081 1025 4134 als
1044 4080 1176 4135 ›Christi‹
1191 4080 1264 4150 folgt
1278 4082 1282 4148 l
1298 4083 1316 4136 t
1335 4079 1392 4135 cod
1419 4079 1507 4135 incre·

202 4165 271 4219 duos
285 4165 290 4232 Ι
306 4163 372 4221 Cod.
390 4163 535 4236 Doeperire
549 4167 554 4234 Ι
570 4167 610 4222 20
628 4165 693 4222 cod.
714 4165 873 4230 »iudicare«,
892 4165 958 4219 aber
969 4165 1020 4218 mit
1031 4165 1061 4219 in
1080 4165 1118 4218 »i«
1132 4166 1321 4236 lronr'gierteru
1342 4183 1387 4220 »e«
1404 4167 1408 4232 1
1424 4164 1508 4228 25126

203 4248 293 4303 dicere
305 4280 337 4288 -
350 4250 497 4321 videretur]
517 4251 551 4306 So
564 4250 613 4306 der
625 4251 690 4307 (lod.
725 4251 790 4304 Man
803 4252 930 4306 erwartat
943 4249 1013 4303 ›diai
1024 4281 1058 4288 —
1070 4249 1222 4304 videretur«
1237 4249 1303 4304 oder
1316 4249 1421 4304 ›dicere
1433 4249 1507 4305 vide·

203 4333 284 4388 reris«
304 4333 370 4389 oder
388 4333 490 4390 ›videri
502 4335 613 4406 possis«.
643 4335 720 4391 Doch
737 4335 812 4389 lrann
830 4335 878 4389 der
895 4334 962 4388 Sinn
979 4351 1034 4389 von
1054 4333 1159 4389 »dicere
1170 4365 1202 4374 —
1215 4333 1368 4388 videretur«
1389 4351 1436 4386 nur
1453 4333 1508 4388 Not

203 4419 251 4474 der
269 4419 339 4474 sein:
362 4435 392 4474 so
409 4421 514 4475 kbnnte
532 4436 565 4474 es
583 4419 725 4474 vielleioht
742 4423 826 4474 etwas
845 4437 878 4472 nu
900 4435 984 4489 eugen
1006 4418 1135 4473 scheinen
1153 4420 1158 4489 1
1179 4419 1218 4474 26
1241 4419 1325 4486 (Stutt
1345 4417 1505 4486 »scriptum«

202 4503 289 4558 bietet
311 4505 359 4559 der
381 4504 446 4559 Cod.
470 4503 644 4571 »tributum«,
667 4504 858 4560 verschrieben
879 4521 929 4558 aus
953 4503 1123 4558 »scribtum«.
1158 4504 1236 4558 Auch
1258 4503 1344 4569 830d,
1367 4503 1438 4558 8310
1460 4503 1509 4557 hat

203 4589 263 4643 Rus.
281 4586 480 4657 διεπαλμένον
492 4589 544 4644 mit
556 4589 716 4661 »scriptum«
730 4588 874 4644 dbersetzt.
893 4619 926 4629 -
939 4590 972 4652 Β)
988 4590 992 4656 Ι
1008 4589 1047 4645 28
1061 4588 1126 4643 Cod.
1139 4588 1282 4658 permittas
1296 4589 1301 4655 Ι
1315 4587 1424 4658 bouem]
1443 4587 1508 4643 Cod.

202 4675 313 4728 bonum.
331 4705 364 4712 -
381 4675 404 4729 Β
420 4679 424 4742 Ι
440 4675 479 4730 29
497 4673 563 4730 Cod.
581 4673 771 4745 pertransiens,
789 4674 840 4728 mit
857 4673 1102 4728 unterstriohenem
1121 4691 1180 4728 »na
