3744 5524
352 515 391 578 84
913 510 1105 566 Adamantius.
1315 509 1355 565 De
1371 509 1402 565 la
1417 511 1477 565 Rue
1493 511 1520 564 11
1537 511 1660 568 8290-1.

434 679 509 741 MK.
552 667 605 742 ’Πν
628 678 678 762 τῷ
701 667 883 763 εὐαγγελίῳ
907 679 996 762 λέγει
1017 669 1214 763 ῦΧριστός·
1237 682 1328 746 τίνα
1349 702 1394 762 με
1416 679 1602 763 λέγουσιν
1623 677 1660 744 ab

351 771 568 861 ἄνθρωποι
596 769 670 843 τόν
698 769 788 842 υίόν
817 779 890 843 τοῦ
920 767 1158 863 άνθρῶπου;
1188 780 1374 863 λέγουσιν
1404 778 1441 844 ab
1470 779 1660 863 μαθηταί·

314 877 332 929 d
350 867 537 961 Ἰωάννην
558 868 632 941 τὸν
653 867 893 960 βαπτιστήν,
917 870 1035 944 ἄλλοι
1056 878 1097 944 δὲ
1118 868 1262 958 Ἠλίαν,
1285 872 1404 945 ἄλλοι
1425 879 1466 944 δὲ
1482 866 1545 944 ὅτι
1563 902 1659 963 προ-

352 968 481 1060 φήτης
513 999 573 1053 τις
600 975 683 1041 τῶν
713 964 893 1058 άρχαίοον
920 967 1076 1062 άνέστη.
1120 974 1204 1044 εἶπε
1230 979 1270 1044 δὲ
1301 969 1451 1055 αὐτοῖς·
1481 967 1590 1062 ῦμεῖς
1620 977 1660 1044 δὲ

316 1079 458 1155 5τίνα;
479 1065 720 1161 ἀποκριθεὶς
742 1077 782 1142 δὲ
804 1075 958 1161 Πέτρος
979 1073 1076 1143 εἶπε·
1098 1071 1171 1144 τόν
1194 1071 1379 1162 Χριστόν.

434 1176 500 1240 ΑΔ.
543 1175 687 1259 Πέτρος,
714 1166 874 1252 Ἰουδαῖος
899 1163 951 1241 ῶν
976 1177 1032 1242 καί
1053 1169 1266 1261 νομομαθὴς,
1293 1169 1358 1243 τὸν
1377 1169 1446 1242 ῦπὸ
1469 1177 1532 1242 τοῦ
1553 1170 1660 1261 νόμου

349 1276 406 1339 καί
433 1275 507 1340 τῶν
531 1276 726 1359 προφητῶν
752 1269 1004 1359 κηρυσσόμενον
1029 1268 1180 1359 Χριστὸν
1208 1277 1428 1362 προσδοκῶν,
1461 1274 1525 1360 ἔφη
1554 1267 1660 1342 αὐτὸν

350 1367 511 1458 Χριστόν,
534 1362 576 1438 ῦν
596 1369 654 1439 καὶ
673 1367 895 1459 προήκουοεν.

433 1475 554 1538 EYTP,
597 1474 736 1558 Πέτρος,
765 1466 826 1557 οῦχ
847 1467 895 1552 ῶς
918 1465 1021 1552 αῦτὸς
1043 1471 1208 1552 τεθεικώς
1230 1465 1325 1560 abab
1347 1469 1388 1541 τὸ
1411 1464 1520 1559 ὄνομα
1543 1477 1657 1552 τοῦτο,

300 1585 332 1639 10
350 1565 428 1639 οῦδὲ
444 1564 492 1650 ῶς
508 1573 616 1654 ξένον,
639 1563 715 1639 ἄλλ’
738 1565 786 1651 ῶς
804 1565 868 1658 ἤδη
882 1569 1119 1658 προακηκοῶς,
1143 1567 1264 1656 φάσκει
1278 1568 1342 1640 τὸν
1357 1568 1516 1659 Χριστόν.
1553 1576 1659 1640 τοῦτο

350 1673 387 1737 δέ
412 1692 475 1739 σου
501 1674 674 1738 πυθέσθαι
700 1666 876 1758 βούλομαι·
906 1673 1037 1758 Πέτρος
1062 1673 1155 1740 ἐστὶν
1182 1664 1201 1740 ό
1228 1667 1360 1758 γράψας
1386 1668 1427 1740 τὸ
1450 1665 1659 1757 εῦαγγέλιον,·

349 1773 425 1849 πῶς
448 1759 511 1839 οῦν
531 1769 674 1853 ἔφασκες
697 1763 821 1850 αῦτοῦς
842 1761 1007 1856 άγράφοος
1029 1771 1248 1856 δεδιδαχέναι;

433 1873 509 1935 MK.
556 1863 603 1936 Οῦ
624 1872 755 1956 Πέτρος
778 1870 932 1957 ἔγραψεν,
956 1861 1031 1939 ἄλλ’
1055 1861 1074 1937 ὁ
1097 1865 1245 1957 Χριστός
1268 1867 1309 1940 τὸ
1331 1864 1534 1957 εῦαγγέλιον.

433 1972 496 2034 ΠΡ
496 1973 554 2036 ΤΡ.
603 1971 723 2050 Ψευδὲς
750 1959 812 2038 οῦν
838 1965 879 2037 τὸ
906 1961 1130 2056 άναγνονσθὲν
1155 1972 1192 2038 έν
1219 1975 1270 2057 τῷ
1296 1964 1478 2056 εὐαγγελίῳ
1502 1959 1556 2038 ότι
1578 1965 1659 2048 τοῦς

279 2079 332 2133 15ε
350 2065 395 2148 ιβ’
424 2059 620 2137 άπέστειλεν
649 2062 934 2155 εῦαγγελίσασθαι.
977 2065 1094 2149 άλλοος
1122 2071 1159 2137 δὲ
1190 2062 1261 2138 οῦδ
1288 2060 1461 2153 άπόδειξιν
1486 2068 1577 2154 ἔσχες
1604 2058 1659 2137 ότι

349 2170 485 2246 Παῦλος
507 2158 701 2249 ἀπόστολος
723 2157 775 2254 ἦν,
796 2162 819 2255 ἢ
841 2160 896 2238 ότι
917 2165 990 2249 υίὸς
1012 2173 1075 2237 τοῦ
1096 2171 1181 2238 θεοῦ
1202 2160 1385 2255 ῦΧριοτδς
1407 2172 1546 2255 λέγεται.
1582 2171 1658 2246 πῶς

349 2262 412 2353 γὰρ
444 2261 506 2336 οῦκ
536 2263 580 2335 άν
610 2265 677 2336 είεν
707 2260 848 2355 άληθεῖς
873 2269 906 2337 οἱ
931 2263 988 2337 ῦπ’
1014 2262 1235 2356 Ἀδαμαντίου
1264 2264 1439 2354 λεγόμενοι
1470 2263 1582 2353 λόγοι,·
1614 2263 1657 2336 τά

355 2362 455 2436 τάλαι
477 2363 539 2453 γάρ
562 2361 797 2453 ῦποσχεθέντα
809 2373 866 2434 καὶ
880 2372 963 2456 πρίν
977 2361 999 2454 ἢ
1020 2372 1178 2455 γενέσθαι
1192 2363 1424 2455 κηρυσσόμενα
1438 2371 1493 2436 καί
1508 2361 1658 2436 πιστευό-

349 2491 433 2552 μενα
454 2455 498 2549 ἦν
518 2464 796 2554 προσδοκώμενα.

299 2654 332 2708 20
434 2651 501 2716 ΑΔ.
541 2643 664 2717 Φάσκει
685 2651 785 2732 ξένον
807 2647 893 2718 εἶναι
914 2644 978 2717 τὸν
993 2645 1144 2735 Χριστόν
1163 2655 1218 2718 καὶ
1240 2653 1322 2736 μηδὲ
1337 2653 1384 2730 είς
1405 2643 1543 2717 ἔννοιάν
1564 2673 1658 2728 τινος

350 2746 495 2817 πώποτε
521 2740 719 2834 άφιγμένον·
748 2741 767 2816 ῦ
794 2751 830 2818 δὲ
858 2743 1005 2836 Χριστός
1031 2742 1093 2834 οῦχ
1118 2739 1231 2829 οῦτοος
1257 2743 1317 2835 οῦχ
1343 2741 1362 2816 ὁ
1389 2742 1456 2816 ῦπό
1480 2751 1554 2814 τῶν
1575 2773 1657 2833 προ-

351 2853 488 2934 φητῶν,
517 2852 611 2936 φησί,
641 2854 820 2934 κηρυχθείς
841 2850 946 2930 έστιν,
973 2839 1048 2918 ἀλλ’
1071 2840 1090 2917 ό
1117 2852 1221 2918 πᾶσιν
1247 2845 1430 2935 ἄγνωστος.
1473 2839 1659 2933 άναγκαῖον

351 2937 414 3016 οῦν
443 2943 588 3036 πρῶτόν
618 2949 710 3016 ἐστιν
740 2940 887 3035 ἀκριβῶς
916 2942 1068 3032 ἐξετάσω
1099 2952 1166 3016 τίνι
1196 2949 1248 3016 δεῖ
1270 2943 1518 3025 πιστεύσαντας
1544 2937 1657 3025 οῦτῶς

352 3050 511 3132 δέξασθαι
538 3044 582 3115 τὰ
606 3040 664 3116 ῦπ’
691 3039 798 3116 αῦτοῦ
823 3051 1110 3134 προστεταγμένα.
1153 3036 1231 3116 οῦτε
1257 3042 1335 3134 γάρ,
1367 3041 1414 3126 ῶς
1441 3067 1558 3129 φασιν,
1588 3039 1656 3114 ῦπό

273 3155 331 3210 25f
351 3172 445 3228 τινος
472 3151 610 3226 τελείως
635 3141 834 3231 διδάξαντος
862 3141 985 3226 αῦτούς
1012 3143 1055 3214 τά
1080 3149 1158 3235 περί
1185 3140 1292 3216 αῦτοῦ
1314 3162 1546 3234 μαρτυρεῖται,
1576 3134 1657 3214 οῦτε

349 3243 415 3334 μὴν
436 3251 514 3333 περὶ
535 3245 660 3317 ἑαυτοῦ
681 3250 792 3332 λέγων
814 3240 1011 3331 ἀξιόπιστος
1032 3237 1075 3334 ἦν
1097 3239 1116 3316 ό
1138 3243 1325 3333 ἄγνωστος,
1354 3240 1402 3325 ῶς
1424 3238 1527 3324 αῦτός
1549 3241 1655 3313 εἶπεν·

348 3349 381 3412 εἰ
411 3344 486 3432 ἐγῶ
513 3352 604 3434 περὶ
629 3348 803 3434 ἐμαυτοῦ
828 3351 1034 3434 μαρτυρῶ,
1065 3339 1087 3433 ἦ
1112 3350 1311 3434 μαρτυρία
1341 3370 1417 3430 μου
1448 3336 1519 3412 οῦκ
1546 3344 1655 3413 ἔστιν

432 3481 513 3552 l-b]
531 3482 581 3535 Mt.
595 3485 639 3537 16:
655 3483 764 3547 13-16,
782 3483 827 3537 La.
840 3484 870 3538 9:
885 3484 925 3547 19,
938 3484 979 3538 20.
996 3512 1029 3520 -
1048 3481 1097 3550 27]
1116 3481 1178 3536 Jon
1190 3485 1219 3536 5:
1232 3482 1274 3535 31.

429 3583 447 3638 b
470 3582 500 3639 δὲ
520 3583 592 3637 nach
614 3579 782 3652 ἀποκριθεὶς
800 3592 832 3642 <
850 3583 923 3638 ABD
939 3585 944 3650 1
959 3580 1010 3638 τδν
1032 3599 1083 3637 vor
1101 3583 1154 3652 Χρ.
1171 3581 1355 3646 BCDEFGH,
1378 3589 1411 3639 <
1429 3581 1478 3648 ΑΙ
1501 3580 1546 3647 UO
1568 3578 1655 3636 αὐτὸν

344 3665 469 3738 Χριστόν
487 3666 583 3722 ΑΒΕῊ
595 3665 660 3732 Pia,
677 3665 802 3739 Χριστόν
821 3667 847 3720 d.
860 3668 919 3722 iibr.
935 3669 940 3736 Ι
957 3669 994 3724 11
1015 3663 1031 3722 ό
1050 3666 1227 3733 ABGDFGH,
1244 3675 1278 3726 <
1295 3665 1318 3721 Ε
1336 3684 1362 3720 u.
1380 3666 1406 3719 d.
1419 3667 1524 3736 Ausgg.
1540 3666 1545 3731 1
1561 3665 1599 3721 lb
1617 3664 1655 3720 Εε

344 3752 381 3806 ist
397 3750 545 3822 ungamus,
567 3751 603 3807 ob
622 3751 670 3806 der
686 3751 761 3808 vers.
781 3744 841 3806 οὐδ’
857 3747 893 3808 ἂν
912 3751 1091 3822 gesohrieben
1113 3752 1171 3806 hab
1206 3751 1244 3807 Er
1260 3751 1330 3806 Ibant
1347 3745 1383 3806 ἂν
1401 3749 1486 3804 bsters
1503 3767 1560 3804 aus.
1593 3748 1655 3820 Vgl.

344 3837 410 3892 aber
427 3835 476 3890 das
493 3835 561 3906 folg.
581 3831 633 3890 οῦκ
650 3830 687 3890 ἂν
704 3830 762 3891 εἶεν
778 3839 781 3904 Ι
798 3837 913 3893 17-19
931 3833 965 3892 τὰ
985 3833 1362 3909 πάλαι-προσδοκώμενα]
1381 3834 1480 3889 worn
1494 3834 1566 3890 ohne
1579 3833 1653 3889 Sinn.

344 3923 398 3977 Der
419 3921 530 3977 Schluss
551 3921 600 3975 καί
622 3920 812 3989 πιστευόμενα
831 3919 865 3990 ἦν
883 3917 1110 3992 προσδοκώμενα
1132 3922 1170 3976 ἰοί
1191 3920 1384 3976 aweifelsohne
1405 3919 1568 3975 verdorben.
1602 3918 1653 3973 Die

343 3997 439 4063 Ubera.
456 4005 552 4060 Rufina
571 4005 772 4060 »indubitatam
784 4037 817 4044 —
829 4007 994 4072 implentur«
1015 4004 1110 4059 deuter
1126 4005 1177 4060 auf
1192 4007 1272 4061 einen
1290 4023 1361 4076 gana
1380 4003 1501 4059 anderen
1519 4021 1560 4072 gr.
1577 4003 1653 4057 Texta

344 4092 399 4146 Pie.
424 4091 615 4144 »credebantur
635 4095 660 4143 εῖ
681 4091 887 4159 sperabantur«.
923 4088 960 4144 1⁴2⁸
983 4089 1060 4158 giebb
1083 4090 1154 4143 auch
1174 4089 1202 4143 in
1226 4090 1279 4144 den
1301 4089 1388 4160 folgg.
1412 4088 1504 4143 Zeilen
1530 4087 1654 4142 mehrere

342 4175 585 4232 unvembbndliahe
602 4174 719 4242 Stellam
745 4175 775 4228 in
793 4175 841 4228 der
859 4174 936 4228 alben
953 4172 1019 4238 HS„
1043 4190 1092 4226 aus
1109 4172 1228 4228 welcher
1250 4174 1295 4228 die
1312 4189 1413 4228 unsern
1431 4173 1566 4244 geflossan
1583 4172 1653 4236 sind,

342 4278 407 4328 war,
425 4279 459 4314 w.
479 4278 502 4315 ε.
519 4261 584 4326 sah„
603 4261 663 4314 eine
681 4276 768 4328 ganne
785 4259 859 4314 Seite
877 4259 940 4314 sehr
956 4257 1149 4312 verstfimmelb
1172 4260 1176 4325 Ι
1199 4258 1238 4314 21
1258 4252 1347 4323 οὕτως
1363 4259 1440 4312 kann
1457 4256 1536 4312 nicht
1553 4257 1654 4326 riahfig

342 4345 408 4399 sein.
438 4345 586 4400 ABCDGH
598 4343 702 4398 haban:
722 4341 773 4413 οδγ
791 4337 882 4408 οὕτως
900 4339 982 4412 οῦχδ
999 4337 1055 4397 ῦπδ
1067 4347 1126 4397 τῶν
1138 4337 1194 4398 rab.
1224 4339 1425 4396 Elusatbaua.
1455 4342 1488 4395 In
1500 4341 1550 4411 οὐχ
1563 4335 1654 4406 οὕτως

342 4429 467 4499 verbirgb
484 4429 550 4495 siah,
568 4430 692 4484 vermute
709 4428 762 4494 ich,
782 4428 827 4483 ein
841 4429 926 4497 Pbcp„
945 4427 995 4480 das
1013 4427 1156 4482 andeutet:
1175 4427 1223 4482 der
1235 4427 1395 4481 brachionen
1406 4426 1455 4493 ἰεῦ
1474 4423 1490 4480 b
1509 4421 1653 4494 ἐληλυθὼς

342 4513 464 4568 autfernb
488 4512 547 4568 siah
570 4514 636 4568 abar
659 4511 723 4566 weit
744 4528 801 4566 von
823 4511 871 4566 der
888 4501 1109 4584 Uberlieferung.
1145 4511 1200 4565 Pia.
1218 4511 1357 4566 bbersebnt
1379 4501 1464 4576 οὗτος
1482 4528 1553 4564 »nan
1569 4515 1609 4564 aab
1625 4510 1652 4562 ia

341 4599 392 4666 qni
408 4602 472 4651 aab«.
501 4597 562 4651 Rus.
580 4597 650 4650 lbssb
667 4613 717 4650 uns
735 4595 795 4650 hier
812 4596 849 4650 im
867 4596 944 4651 Stich
960 4596 1020 4665 128
1038 4593 1094 4652 δέει
1113 4596 1138 4652 d.
1151 4597 1230 4660 1188„
1248 4597 1293 4652 δεῖ
1307 4595 1403 4666 Migne
1417 4597 1422 4664 Ι
1437 4596 1479 4652 24
1496 4611 1651 4668 προτεταγ·

340 4680 413 4750 μένα
433 4681 503 4735 CEH
519 4685 523 4749 Ι
540 4701 623 4752 φησιν
642 4687 674 4736 A.
