3744 5524
364 467 422 530 122
921 459 1108 516 Adamantius.
1312 457 1354 513 1>0
1370 458 1400 512 la
1417 456 1475 513 Rue
1492 459 1532 513 111
1548 458 1671 515 8360-11

363 627 399 694 δὲ
430 619 491 712 οῦχ
523 614 636 706 οὕτως
665 625 743 712 ἔχει·
771 624 809 696 ἓν
839 620 989 714 μὲνγὰρ
1016 630 1059 711 τῇ
1084 627 1252 713 χειμερινῇ
1278 627 1390 709 τροπῇ
1419 617 1603 710 μηκύνεται
1631 619 1672 693 τὸ

364 718 497 808 σκότος,
520 718 693 794 πλειόνων
708 718 813 814 ἀρῶν
828 728 1049 812 γιγνομένων,
1070 717 1152 794 ένδ
1176 714 1218 794 αὖ
1238 717 1344 792 πάλιν
1359 727 1403 808 τῇ
1423 728 1544 811 θερινῇ
1560 728 1672 810 τροπῇ

363 820 549 912 μηκύνεται
570 820 612 893 τό
635 830 720 910 φῶς,
741 819 1005 910 προσλαμβάνον
1027 818 1095 893 ἀπὸ
1118 826 1182 892 τοῦ
1203 816 1355 904 σκότους.

446 926 552 992 ΜΑΡ.
587 915 711 994 ’Δάλου
733 929 809 1010 φῶς
829 929 886 992 καὶ
904 920 1015 996 ,ἄλλον
1038 916 1169 1004 σκότος.

330 1038 346 1091 5
447 1028 568 1091 ΕΠῬ.
612 1026 654 1092 Εἰ
675 1021 719 1111 μή
743 1019 818 1104 ἑνός
843 1026 900 1093 καὶ
921 1026 986 1093 τοῦ
1006 1017 1113 1093 αὐτοῦ
1134 1024 1337 1110 δημιουργοῦ
1361 1024 1433 1092 ἐστι
1455 1019 1496 1092 τό
1520 1026 1595 1107 φῶς
1615 1027 1672 1090 καὶ

328 1117 404 1192 ᾱτό
428 1115 564 1204 σκότος,
594 1126 670 1204 πῶς
692 1115 769 1191 οἱόν
789 1148 827 1190 τε
850 1111 892 1209 ἦν
917 1116 1135 1192 ὑπενδιδόναι
1157 1117 1198 1192 τό
1226 1127 1301 1208 φῶς
1328 1126 1379 1211 τῷ
1406 1115 1519 1190 σκότει
1548 1124 1604 1189 καὶ
1630 1116 1670 1189 τὸ

363 1215 487 1304 σκότος
501 1226 552 1310 τῷ
569 1225 676 1308 φωτέ;
698 1225 727 1291 εἰ
742 1218 804 1308 γάρ
819 1223 977 1291 ἐναντίον
992 1217 1034 1290 τὸ
1048 1217 1157 1291 κακόν
1178 1225 1231 1309 τῷ
1252 1214 1374 1309 άγαθῷ
1396 1226 1453 1290 καὶ
1474 1216 1516 1290 τό
1537 1213 1672 1308 ἀγαθόν

363 1325 414 1409 τῷ
435 1327 546 1410 κακῷ,
577 1323 616 1392 ἐν
636 1317 774 1402 τούτοις
795 1323 832 1389 δὲ
851 1325 903 1409 τῷ
926 1324 1019 1406 φωτὶ
1039 1326 1096 1390 καὶ
1117 1325 1168 1406 τῷ
1191 1314 1306 1390 σκότει
1328 1314 1465 1407 οῦδεμέα
1485 1313 1672 1406 εῦρέσκεται

362 1415 577 1508 ἐναντιότης,
609 1425 718 1508 δῆλον
743 1409 806 1490 οῦν
832 1411 887 1490 ότι
914 1417 991 1501 ἑνός
1013 1422 1216 1508 δημιουργοῦ
1237 1417 1279 1490 τὸ
1303 1425 1379 1505 φοῦς
1399 1423 1457 1489 καὶ
1477 1414 1519 1489 τὸ
1541 1412 1671 1497 σκότος.

312 1632 346 1689 10
433 1623 514 1688 M.
552 1611 638 1706 Ἐφη
660 1615 726 1706 τήν
747 1624 811 1690 τοῦ
832 1613 967 1705 ἀγαθοῦ
987 1613 1106 1690 οῦσὶαν
1126 1619 1213 1690 εἶναι
1235 1622 1324 1705 φῶς,
1356 1614 1423 1705 τήν
1444 1619 1480 1685 δὲ
1500 1609 1673 1703 ποιότητα

362 1711 506 1805 ἀγαθόν,
531 1712 655 1803 δεξιόν·
677 1723 729 1806 τῷ
753 1713 851 1789 δὲτὸ
874 1711 1042 1806 ἀγένητον
1055 1723 1111 1788 καὶ
1133 1715 1317 1804 ἄφθαρτον
1330 1720 1543 1805 συμβέβηκεν.
1580 1708 1672 1784 ἄντί-

362 1843 471 1887 κειται
492 1820 528 1886 δὲ
550 1812 591 1886 τό
614 1810 748 1906 ἀγαθόν
770 1823 821 1906 τῷ
842 1822 937 1905 κακῷ
944 1841 955 1901 ;
977 1810 1232 1902 ἀποκρινάσθω.

445 1919 549 1986 ΜΑΡ.
594 1914 691 1987 Κατά
712 1912 828 1987 πάντα
850 1910 1038 1986 ἀντίκειται
1060 1912 1101 1986 τὸ
1123 1913 1232 1986 κακόν
1254 1920 1306 2004 τῷ
1329 1907 1460 2002 ἀγαθῷ.

445 2019 513 2084 ΑΔ.
549 2020 663 2105 Δῆλον
677 2008 732 2087 ότι
753 2021 810 2085 καὶ
830 2009 906 2085 κατ’
929 2009 1048 2086 οῦσίαν
1067 2020 1124 2086 καὶ
1141 2012 1230 2086 κατά
1251 2009 1421 2102 ποιότητα
1440 2019 1496 2084 καὶ
1517 2009 1606 2082 κατὰ
1628 2009 1670 2083 τὸ

312 2127 345 2182 15
364 2107 582 2201 συμβεβηκός·
603 2110 678 2186 κατ’
701 2109 819 2186 οᾶσέαν
833 2119 895 2202 μέν
911 2109 1034 2197 σκότος
1054 2109 1243 2186 ἀντίκειται
1265 2118 1367 2202 φαντί,
1389 2111 1479 2183 κατὰ
1499 2106 1671 2200 ποιότητα

330 2217 399 2283 ed&
419 2211 528 2284 κακὸν
554 2207 685 2304 ἀγαθῷ.
727 2217 813 2285 εἰδὲ
838 2210 926 2284 κατά
948 2211 1152 2303 συμβεβηκός
1174 2209 1374 2296 ἀντίκειται,
1405 2213 1498 2282 ἔσται
1524 2206 1672 2297 γενητὸν

361 2308 448 2401 πρὸς
470 2310 511 2383 τό
535 2306 712 2402 ἀγένητον,
734 2319 790 2383 καὶ
812 2309 975 2401 φθαρτόν
996 2308 1083 2400 πρός
1105 2311 1147 2385 τό
1169 2311 1363 2402 ἄφθαρτον.

445 2416 550 2482 ΜΑΡ.
591 2417 687 2497 Πῶς;

449 2518 570 2582 ΕῩΤΡ.
612 2506 758 2584 Ῥπέθου
783 2510 967 2602 ἀγενήτους
994 2508 1056 2594 τὰς
1084 2508 1144 2582 δῦο
1172 2505 1297 2593 οῦσίας·
1327 2515 1521 2600 συμπέφυκε
1551 2513 1587 2579 δὲ
1616 2513 1669 2598 τῷ

314 2627 348 2682 20
366 2605 522 2701 ἀγενήτῳ
544 2609 586 2682 τό
608 2606 800 2698 ἀθάνατον,
826 2618 883 2683 καὶ
905 2607 1048 2701 ἀνάγκη,
1075 2615 1104 2682 εἰ
1125 2606 1283 2700 ἄγένητοέ
1306 2615 1389 2681 εἰσιν
1411 2611 1444 2679 αἱ
1466 2607 1526 2681 δῦο
1548 2603 1669 2692 οῦσέαι,

366 2707 493 2793 τούτοις
515 2705 710 2794 ἀθανάτους
730 2705 890 2799 ῦπάρχειν
904 2717 955 2801 τῷ
980 2707 1164 2800 ἀγενήτους
1186 2711 1271 2781 εἶναι
1292 2713 1410 2796 λέγειν.
1444 2709 1553 2780 ἔτιδὲ
1575 2699 1668 2780 οὕτω

366 2803 493 2883 σκόπει
535 2815 565 2882 εἰ
585 2808 628 2882 τό
648 2806 757 2882 κακόν
778 2805 945 2898 ἀγένητόν
967 2815 1052 2895 ἐστι,
1081 2805 1279 2899 τὸάγαθὸν
1304 2803 1367 2880 οῦκ
1393 2803 1572 2898 ἀγένητον,
1598 2811 1669 2877 έπεὶ

365 2906 410 2998 μὴ
433 2905 541 2981 κακόν
562 2914 643 2994 ἐστι,
665 2917 722 2980 καὶ
744 2915 795 2999 τῷ
810 2905 906 2999 αὐτῷ
928 2905 1021 2999 λόγῳ
1045 2916 1185 2999 λέγομεν
1206 2903 1270 2992 ότι,
1293 2912 1322 2979 εἰ
1343 2907 1385 2980 τὸ
1403 2906 1511 2979 κακόν
1524 2904 1670 2995 γενητόν

365 3013 526 3095 πέφυκεν,
550 3005 759 3098 ἀγαθὸνκαὶ
781 3004 823 3080 οῦ
843 3005 950 3080 κακόν
972 3013 1044 3080 ἐστι
1064 3007 1106 3082 τὸ
1128 3004 1303 3098 ἀγένητον.
1424 3001 1428 3012 ’

313 3123 347 3181 25
448 3112 516 3178 ΑΔ.
551 3111 596 3178 Αἱ
618 3105 678 3180 δῦο
701 3104 810 3178 οῦσέαι
832 3115 986 3196 φθαρταὶ
1008 3103 1031 3198 ή
1053 3106 1242 3196 ἄφθαρτοι,
1264 3101 1287 3195 ἢ
1309 3102 1330 3196 ἦ
1350 3112 1412 3197 μὲν
1434 3103 1625 3195 ἄφθαρτος,
1649 3100 1670 3194 ή

365 3210 401 3276 δὲ
423 3204 578 3296 φθαρτή;

448 3313 692 3378 ΜΕΓΕΘΙΟΣ.
730 3301 925 3397 ’Ἆφθαρτοι
947 3308 981 3377 αἱ
1004 3305 1063 3378 δῦο
1085 3301 1203 3377 οῦσὶαι.

335 3423 350 3476 f
447 3411 515 3478 ΑΔ.
553 3401 640 3478 Ἔδει
670 3411 732 3494 μέν
758 3428 795 3478 σε
826 3402 1045 3496 ἀκροώμενον
1075 3401 1212 3496 ήσυχίαν
1242 3403 1336 3493 ἄγειν
1365 3409 1671 3493 προδιειλεγμένονν
1734 3473 1740 3484 ,

364 3499 429 3594 ήδη
450 3511 525 3577 τῶν
545 3503 699 3594 πρόσθεν
720 3503 932 3596 ζητημάτων.

312 3617 347 3673 30
448 3612 551 3678 MEI’.
592 3600 645 3676 Ἔν
667 3604 785 3694 τοῦτφ
807 3599 972 3694 όμόδοξός
993 3609 1057 3694 εἰμι
1079 3611 1230 3693 Μαρένῳ.

449 3711 570 3775 ΕΠῬ.
614 3711 706 3777 Φατὲ
733 3701 919 3795 ἀγενήτους
945 3703 1030 3776 εἶναι
1056 3711 1112 3774 καὶ
1141 3699 1343 3793 ἀφθάρτους
1368 3699 1431 3784 τάς
1457 3698 1517 3774 δῦο
1544 3698 1670 3785 οῦσέας·

364 3800 493 3894 ἀνάγκη
517 3810 574 3876 καὶ
596 3797 797 3896 όμοουσίους
818 3801 945 3886 ταῦτας
966 3799 1129 3892 ῦπάρχειν
1148 3810 1205 3874 καὶ
1226 3796 1355 3890 ὁμοίας,
1382 3793 1468 3890 ὅπερ
1490 3795 1670 3874 ἀδύνατον.

447 3909 515 3974 ΑΔ.
558 3899 754 3987 Ἰσοσθενεῑς
776 3907 859 3974 εἰσιν
879 3906 915 3973 αἱ
937 3900 997 3974 δῦο
1019 3898 1145 3988 οάσὶαι;

448 4113 469 4170 4
491 4107 561 4170 ἄλλο
584 4119 645 4186 φῶς
666 4133 692 4169 κ.
711 4108 781 4171 ἄλλο
804 4113 881 4172 οκότ.
900 4115 926 4169 d.
944 4113 1015 4171 HSS.
1049 4116 1107 4170 Δαο
1129 4113 1178 4168 der
1197 4111 1379 4183 Erwidemng
1400 4111 1448 4167 des
1470 4109 1547 4170 Eutr.
1564 4110 1672 4182 orgiebt

364 4199 424 4255 sich
445 4199 509 4254 dass
530 4218 617 4272 urspr.
635 4199 760 4255 zweimal
778 4194 866 4257 ἄλλον
884 4199 1063 4271 gesohrieben
1080 4215 1139 4254 war
1156 4199 1162 4266 Ι
1181 4199 1201 4255 δ
1218 4193 1373 4254 ἐπιδιδόναι
1389 4196 1464 4251 A¹B¹
1479 4197 1483 4265 γ
1499 4196 1539 4253 10
1557 4190 1627 4267 ἔφης
1644 4197 1670 4251 d.

364 4283 436 4340 Hss.
465 4283 559 4340 Allein
570 4285 632 4342 Rus.
648 4283 706 4339 und
724 4284 774 4338 das
790 4284 860 4355 folg.
878 4281 1084 4356 ἀποκρινάσθοι
1102 4282 1234 4354 sproohen
1250 4281 1295 4335 fiir
1311 4275 1365 4352 ἔφη
1380 4280 1385 4350 1
1402 4280 1439 4337 11
1460 4276 1617 4351 ἀγέννητον
1629 4280 1669 4350 F!

365 4369 404 4426 12
422 4367 456 4425 τδ
473 4365 565 4424 κακόν
575 4365 609 4425 τό
624 4365 771 4438 ἀγαθδνῦ
787 4370 792 4434 Ι
807 4368 846 4424 16
862 4365 936 4424 κατὰ
955 4372 1036 4441 ουμβ.
1049 4364 1148 4438 ἀντία]
1168 4371 1208 4421 »et
1218 4365 1368 4421 seeundum
1379 4365 1580 4420 mamm«
1600 4365 1671 4432 Rus„

363 4451 507 4510 καὶκατὰ
530 4457 612 4526 συμβ.
630 4448 719 4510 ἀντίκ.
738 4453 759 4509 O
781 4453 787 4521 Ι
810 4450 947 4524 γεννητὸν
967 4470 995 4507 u.
1013 4448 1170 4521 ἀγέννητον
1190 4451 1273 4506 mc?
1294 4451 1300 4521 1
1324 4451 1364 4508 Ιθ
1386 4447 1559 4520 ἀγεννήτους
1574 4447 1644 4505 ΔΟῈ
1665 4449 1670 4517 Ι

364 4538 405 4593 20
422 4533 569 4607 ἀγεννήτοι
581 4537 632 4605 CF,
650 4537 750 4594 ebenso
767 4540 813 4593 2ο
830 4536 869 4591 im
885 4536 954 4608 folg.
965 4535 1008 4590 bis
1019 4536 1094 4593 8371)
1112 4533 1140 4592 εἰ
1155 4535 1208 4604 μὲν
1228 4533 1285 4608 γὰρ
1301 4533 1439 4606 γεννητὸν
1453 4535 1459 4603 Ι
1475 4534 1515 4591 28
1532 4531 1671 4605 γεννητὸν

363 4621 425 4676 A¹G
440 4621 445 4690 Ι
460 4620 498 4678 81
518 4617 690 4693 ἀγεννήτους
708 4621 791 4677 ADH.
