3744 5524
354 447 413 511 106
910 439 1099 496 Adamantius.
1244 440 1285 494 De
1301 438 1330 494 la
1347 440 1405 494 Rue
1422 438 1448 493 11
1465 438 1655 497 8693-870b.

352 599 480 693 τιμήν.
523 608 603 685 λαβὲ
625 602 665 692 δὴ
688 609 957 692 τηλαυγέστερον
977 599 1097 695 ῥητόν·
1127 599 1244 688 ὥστε,
1276 611 1371 692 φησί,
1401 607 1539 692 μηδεὶς
1564 631 1656 674 καυ-

350 699 491 791 χάσθω
514 706 556 773 έν
577 697 825 794 ἀνθρώποις·
851 700 1081 795 πάνταγὰρ
1102 699 1214 793 ῦμῶν
1235 706 1360 788 ἐστιν,
1384 706 1466 774 εἴτε
1484 708 1655 788 Παῦλος,

352 805 434 872 εἴτε
456 807 608 892 Κηφᾶς,
632 807 712 874 είτε
733 799 893 894 κόσμος,
921 808 1003 875 είτε
1024 801 1118 895 ζωή,
1145 808 1227 874 είτε
1247 799 1444 886 θάνατος,
1471 807 1554 873 εἴτε
1575 807 1656 874 ἐνε-

351 908 500 986 στῶτα,
524 907 835 993 είτεμέλλοντα·
856 901 990 976 πάντα
1008 899 1135 994 ῦμῶν·
1156 898 1266 993 ῦμεῑς
1287 908 1327 973 δὲ
1350 907 1539 994 Χριστοῦ,
1563 909 1655 994 Χρι-

272 1035 274 1042 ·
317 999 446 1084 ὅστδς
472 1008 512 1073 δὲ
537 1009 645 1076 θεοῦ.
689 996 774 1094 αῦτη
801 1002 865 1094 γὰρ
891 999 912 1094 ἦ
942 1001 1076 1076 διάνοια
1101 1009 1165 1075 τοῦ
1195 1003 1302 1092 ῥητοῦ
1332 1009 1395 1076 τοῦ
1425 1001 1656 1075 ἀποστολικοῦ

318 1102 439 1194 επρὸς
459 1109 537 1187 βίον
559 1099 682 1186 αὐτοῦς
704 1099 885 1193 ἀναγκάσει
906 1104 973 1193 τὴν
986 1098 1154 1194 ἀληθείαν
1172 1109 1280 1175 εἰπεῖν
1301 1108 1357 1173 καὶ
1371 1101 1528 1184 ἄκοντας.
1563 1109 1656 1184 τίνος

350 1201 414 1294 γάρ
436 1201 621 1287 βούλονται
642 1205 729 1274 εἱναι
750 1200 815 1274 τὸν
837 1201 989 1294 Χριστὸν
1006 1209 1106 1288 θεοῦ·
1127 1197 1446 1294 ἀποκρινάσθωσαν.

433 1309 510 1372 MK
556 1308 620 1375 Τοῦ
641 1298 781 1393 ἀγαθοῦ.

432 1406 501 1474 ΑΔ.
542 1397 689 1491 Ἀγαθοῦ
714 1401 780 1492 ἀρα
806 1408 862 1472 καὶ
889 1397 995 1493 ἡμεῖς,
1025 1406 1058 1474 οί
1080 1408 1143 1474 τοῦ
1165 1407 1329 1490 Χριστοῦ,
1359 1406 1416 1472 καὶ
1438 1399 1481 1471 τά
1501 1396 1655 1491 ἡμέτερα,

300 1510 335 1566 10
351 1506 532 1572 τουτέστιν
554 1496 573 1572 δ
595 1498 719 1592 κόσμος
743 1509 802 1572 καὶ
823 1496 844 1590 ἡ
865 1500 936 1591 ζωὴ
958 1508 1015 1572 καὶ
1036 1495 1055 1572 3
1077 1497 1230 1583 θάνατος
1255 1507 1311 1570 καὶ
1333 1498 1376 1570 τά
1402 1503 1575 1571 ἐνεστῶτα
1601 1507 1656 1571 καὶ

350 1599 393 1670 τά
415 1607 595 1689 μέλλοντα.

433 1707 508 1770 ΜΚ
549 1695 583 1769 ‘0
603 1696 728 1790 κόσμος
749 1707 813 1773 τοῦ
833 1707 990 1792 πονηροῦ
1010 1705 1112 1773 ἐστιν.

433 1807 498 1868 ΠΧ
498 1807 554 1870 ΤΡ
599 1806 665 1870 Καὶ
687 1795 706 1872 3
729 1800 878 1889 Χριστὸς
898 1807 955 1871 καὶ
976 1807 1113 1881 Παῦλος
1132 1803 1190 1869 καί
1212 1803 1334 1888 Κηφᾶς
1353 1804 1411 1868 καὶ
1433 1794 1455 1888 ἡ
1475 1798 1546 1889 ζωὴ
1567 1797 1656 1871 κατά

350 1903 386 1968 σὲ
350 1904 464 1972 στοῦ
478 1906 634 1989 πονηροῦ
648 1901 797 1972 ἔσονται·
813 1907 972 1991 φανερῶς
985 1899 1050 1990 γὰρ
1065 1905 1111 1982 είς
1126 1893 1354 1982 δυσσέβειαν“
1333 1926 1355 1987 η
1369 1897 1596 1984 φιλονεικία”
1575 1926 1655 1988 αγει

299 2013 332 2067 15
432 2003 500 2070 ΑΔ.
545 1995 614 2069 Οῦκ
639 1994 776 2089 ὀκνήσω
802 2006 859 2070 καὶ
885 2000 1048 2092 ίτερον“
1030 1997 1139 2090 ρητὸν
1164 2004 1227 2070 τοῦ
1253 1993 1451 2071 ἀποστόλου
1475 2021 1655 2087 προσενεγ-

349 2115 435 2182 κεῖν,
472 2091 564 2170 οῦτω
596 2104 867 2189 λέγοντος·τῷ
898 2105 938 2170 δὲ
968 2105 1064 2189 θεῷ,
1100 2105 1196 2188 φησί,
1230 2095 1357 2187 χάρις,
1389 2103 1445 2188 τῷ
1476 2094 1656 2170 πάντοτε

320 2194 685 2287 ιθριαμβεόοντι“
664 2204 761 2289 ημᾶς
782 2203 826 2270 έν
846 2205 902 2288 τῷ
926 2205 1102 2320 Χριστῷ,
1131 2203 1196 2268 καί
1218 2225 1292 2287 την
1314 2191 1442 2286 όσμην
1462 2201 1536 2286 τῆς
1556 2194 1656 2285 γνά-

349 2320 449 2380 σεως
477 2294 602 2370 αῦτοῦ
627 2304 886 2390 φανεροῦντι
901 2293 992 2368 διΗ
971 2304 1083 2388 ημῶν
1109 2301 1151 2368 ἐν
1171 2304 1296 2368 παντί
1318 2292 1445 2385 τόπῳ,
1476 2288 1541 2367 ῦτι
1563 2302 1655 2387 Χρι·

349 2403 447 2469 στοῦ
468 2392 615 2470 εῦωδία
636 2402 753 2488 έσμὲν
778 2403 822 2470 έν
843 2417 929 2480 τοῖς
957 2404 1202 2488 σωζομένοις
1223 2402 1288 2467 καί
1308 2400 1352 2468 έν
1373 2414 1459 2478 τοῖς
1480 2389 1656 2468 ἀπολλυ-

298 2510 332 2566 20
349 2502 498 2586 μένοις,
521 2515 607 2579 τοῖς
628 2491 812 2588 μὲνόσμὴ
834 2501 877 2568 έκ
898 2495 1084 2570 θανάτου
1103 2494 1372 2666 είςθάνατονέ
1393 2489 1576 2577 τοίςδὲ’
1557 2517 1656 2584 οσμη

349 2599 391 2666 ἐκ
370 2602 523 2686 κζωῆς
549 2603 604 2679 είς
630 2594 745 2687 ζωήν.
788 2601 823 2685 ἐξ
844 2627 884 2671 ου
906 2605 1027 2671 τοίνυν
1048 2626 1091 2668 τα
1117 2625 1234 2669 παντο
1255 2593 1335 2687 ημλν
1356 2599 1441 2680 έ,στι
1472 2585 1656 2684 δῆλονὸτι

349 2699 386 2767 ἐκ
408 2695 536 2769 τούτου
556 2692 654 2767 xc3‘
634 2725 656 2786 η
677 2725 740 2770 του
725 2703 907 2790 ’Χριστοῦ
929 2694 1053 2769 εὐωδία
1075 2703 1121 2780 είς
1136 2693 1439 2788 ζωηνῦπάρχαυσα
1457 2713 1531 2777 τοῖς
1552 2703 1653 2813 ‹sm-§o-

349 2801 477 2885 μένοις,
507 2791 594 2887 όσμη
622 2801 658 2867 δὲ
678 2802 879 2870 θανατοῦοα
905 2802 951 2879 είς
971 2795 1131 2870 θάνατον
1154 2815 1228 2879 τοῖς
1248 2791 1505 2885 ἀπολλυμένοις.
1547 2799 1656 2864 ταῦτα

278 2909 330 2965 870
350 2887 413 2966 οῦν
434 2891 737 2986 ἀναγινώσκονίτες
768 2901 800 2969 οί
826 2903 888 2987 τῆς
913 2895 1082 2988 τοσαύτης
1107 2892 1274 2978 ἀπονοίας
1297 2892 1461 2985 κάπηλοι,
1491 2899 1569 2976 ποῦς
1594 2898 1655 2965 εἰσι

297 3003 330 3060 25
347 3001 495 3087 πονηροὶ
530 2996 650 3088 ἕτερον
683 3001 932 3085 ἐπιχειροῦντες
966 3002 1077 3085 λέγειν
1107 2991 1242 3086 ἀγαθόν
1271 3023 1310 3066 τε
1339 3000 1395 3066 καὶ
1425 2999 1558 3085 πατέρα
1593 2998 1655 3065 τοῦ

349 3100 501 3186 Χριστοῦ
522 3095 688 3182 σώζοντα,
710 3102 766 3166 καὶ
789 3097 908 3187 ἕτερον
927 3103 1103 3184 κρίνοντα,
1125 3089 1211 3167 ὄντα
1226 3101 1289 3168 τοῦ
1303 3090 1432 3184 κόσμου
1452 3100 1598 3183 κτίστην
1618 3120 1656 3162 τε

347 3200 404 3264 καί
430 3190 617 3284 δεσπότην;
647 3202 676 3266 εί
702 3195 765 3286 γὰρ
791 3198 826 3282 ἐξ
852 3195 928 3277 ἑνὸς
958 3195 1002 3268 τὰ
1027 3193 1144 3268 πάντα
1169 3201 1225 3267 καὶ
1252 3191 1344 3285 ἡμεῖς
1369 3199 1410 3265 τέ
1435 3197 1533 3283 ἐσμεν
1557 3185 1655 3262 καὶ
1635 3220 1655 3262 ο

347 3289 473 3383 κόσμος
493 3289 592 3365 καί(
572 3323 591 3365 ο
614 3292 768 3377 θάνατος
788 3291 888 3365 καί(
867 3324 888 3385 η
910 3294 981 3384 ζωὴ
1003 3293 1125 3366 καὶτὰ
1147 3293 1236 3369 ἀλλα
1257 3291 1382 3379 πάντα,
1405 3285 1425 3365 3
1448 3321 1486 3364 τε
1497 3289 1657 3414 ’Χριστὸς

348 3387 434 3482 όσμή
461 3397 533 3465 ίστί
565 3417 632 3466 τισι
657 3401 720 3484 μὲν
700 3399 850 3484 νζωῆς,
881 3400 949 3466 τισὶ
976 3400 1011 3466 δὲ
1039 3392 1209 3480 θανάτου,
1239 3394 1380 3483 περισσὴ
1403 3422 1424 3483 η
1450 3399 1513 3465 τοῦ
1527 3389 1657 3482 ἑτέρου

296 3496 331 3552 30
347 3497 433 3565 θεοῦ
453 3493 548 3564 ίσται
568 3492 775 3585 παρεῦρεσις.
809 3501 886 3577 πῶς
909 3500 945 3565 δὲ
965 3491 1027 3566 οῦκ
1049 3499 1234 3579 αἰδοῦνται,
1256 3500 1419 3584 λέγοντος
1437 3485 1621 3565 Παῦλου“
1602 3519 1657 3564 οτι

347 3596 448 3682 ίμοί,
476 3600 567 3682 φησί,
595 3597 970 3684 τῷίλαχιστοτέρφ
993 3590 1325 3684 πάντωνάγίων,
1356 3589 1657 3683 έδόθηῆχάρις

349 3687 524 3781 αῦτην
481 3696 524 3764 έν
554 3711 639 3775 τοῖς
670 3697 835 3765 ἔθνεσιν
869 3689 1207 3790 εῦαγγελίσασθαι
1244 3692 1318 3766 τὸν
1348 3690 1657 3782 ἀνεξιχνίαστον

309 3796 534 3881 οπλόῦτον
556 3799 628 3865 τοῦ
651 3799 830 3881 Χριστοῦ
855 3799 921 3863 καὶ
943 3800 1119 3881 φωτίσαι
1140 3791 1298 3877 πάντας
1319 3789 1422 3877 τίς“
1402 3823 1423 3884 η
1445 3797 1657 3881 οίκονομία

347 3898 421 3963 τοῦ
451 3900 679 4023 μυστηρίου
707 3898 779 3964 τοῦ
811 3887 1219 3983 ἀποκεκρυμμένου’
1198 3891 1276 3965 απὸ
1307 3899 1392 3964 τῶν
1423 3892 1586 3964 αἰώνων
1614 3895 1658 3963 έν

296 3997 403 4082 35τῷ
434 3998 518 4082 θεῷ
549 3999 604 4082 τῷ
630 3991 685 4082 ἷτά
710 3989 845 4064 πάντα
877 4001 1073 4065 κτίσαντι
1115 3998 1214 4084 <είγε>
1245 3985 1330 4083 αῦτη
1358 3985 1402 4084 ἦν
1430 4021 1451 4082 η
1483 3986 1552 4063 ἀπὸ
1583 3996 1658 4062 τῶν

433 4112 516 4182 1-5]
536 4115 550 4168 1
569 4112 629 4170 Gor.
642 4115 671 4168 3:
684 4114 794 4170 21-23.
812 4144 845 4154 —
865 4115 986 4185 16-21]
1005 4117 1022 4171 2
1038 4114 1098 4170 Cor.
1111 4118 1139 4171 2:
1153 4118 1194 4182 14,
1207 4117 1248 4170 15.
1270 4143 1304 4155 -
1328 4113 1454 4183 31-83]
1473 4111 1541 4184 Eph.
1554 4113 1582 4169 3:
1594 4111 1619 4176 8.
1632 4113 1656 4168 9.

434 4215 473 4270 13
492 4215 559 4284 φησί
577 4224 610 4275 <
628 4214 656 4283 0,
674 4215 705 4269 in
720 4218 747 4271 Δ
765 4218 833 4286 φησί
850 4215 902 4270 οῦδ
919 4215 1049 4272 Punk'wn
1064 4219 1147 4272 anter
1164 4216 1218 4271 den
1236 4216 1348 4272 Buohsh
1364 4215 1368 4283 Ι
1384 4216 1424 4271 29
1443 4207 1542 4288 ἑτέρου
1560 4211 1657 4269 DFGH

347 4298 413 4368 Pio„
426 4298 564 4358 <d.t1br.
579 4298 584 4368 Ι
600 4299 686 4365 84185
698 4296 780 4374 ἐντῷ
792 4301 862 4374 θεῷ]
875 4296 906 4357 έν
917 4309 951 4360 <
963 4300 990 4354 d.
1002 4302 1106 4371 Auugg.
1130 4301 1186 4355 Ααε
1198 4300 1262 4356 dem
1271 4298 1500 4370 Naohfolgenden
1512 4299 1580 4369 geht
1591 4297 1658 4353 aber

347 4383 410 4437 klar
426 4382 526 4438 hervor
544 4382 606 4438 dass
624 4383 672 4439 der
688 4383 763 4440 Vorf.
783 4380 829 4441 »έν
847 4391 886 4458 τῷ
905 4388 982 4458 θεῷ(
1001 4383 1116 4440 sohrieb.
1146 4379 1177 4440 έν
1194 4386 1268 4441 steht
1284 4385 1315 4440 in
1329 4384 1404 4439 allen
1416 4383 1487 4439 flss.
1503 4381 1564 4452 135
1581 4383 1614 4437 In
1631 4381 1658 4436 d.

347 4467 418 4522 HSS.
430 4484 457 4520 u.
469 4467 496 4522 d.
509 4471 626 4539 mugga
644 4461 721 4537 Αίίτη
739 4465 818 4539 ην·-
830 4476 891 4535 τοϊς
908 4464 1005 4526 ἔθνεσι
1022 4471 1143 4535 Παῦλος.
1173 4468 1306 4544 Φανερδν
1323 4465 1380 4525 κτί.
1412 4467 1448 4525 So
1461 4469 1529 4524 aber
1546 4467 1658 4538 h3ngen
1719 4485 1722 4496 ·

348 4552 393 4606 die
405 4551 486 4607 8330
497 4552 576 4608 nieht
587 4569 752 4608 zusammen.
780 4553 828 4608 leh
840 4553 930 4624 folgte
941 4554 1015 4611 Rufi:
1035 4553 1086 4608 »Si
1096 4555 1191 4623 ιιίιὶμιι
1207 4555 1273 4610 haec
1285 4560 1324 4610 εεί
1340 4553 1536 4624 δίιμκοεαίίοι.
1567 4553 1657 4608 Schon

347 4636 386 4690 im
405 4634 470 4691 θοὰ
489 4635 509 4690 0
527 4638 634 4693 schrieb
653 4637 699 4693 ein
716 4637 914 4694 Unbekannber
931 4638 961 4692 in
979 4657 1047 4710 ωηο
1066 4633 1133 4704 ἴσως
1151 4641 1241 4696 λείπει
1259 4637 1291 4696 τί
