3708 5528
362 477 400 540 38
901 471 1090 528 Adamantius.
1276 473 1316 528 De
1332 472 1362 527 12
1378 473 1436 528 Rue
1452 473 1465 526 1
1482 473 1666 530 815ε-816α

309 655 344 730 ,ν
445 642 548 706 MEF.
590 641 671 718 Πῶς
692 627 754 706 οῦν
775 639 813 706 έν
834 641 885 724 τῷ
908 631 1003 722 νόμῳ
1026 641 1125 724 λέγει·
1152 633 1315 725 ίμάτιον
1336 631 1423 707 ἀνθ’
1445 639 1620 725 ἱματίου,
1643 633 1664 708 ό

280 751 285 762 ’
363 738 399 805 δε
426 730 555 823 ἀγαθός
581 731 696 822 κύριος
721 741 819 820 λέγει·
850 730 919 804 ίάν
941 741 1002 816 τίς
1024 757 1095 805 σου
1117 733 1189 822 ἀρη
1212 735 1257 808 τὸ
1283 732 1459 823 ίμάτιον,
1490 731 1667 824 πρόσθες

363 829 471 924 αῦτῷ
492 842 558 905 καί
580 831 654 905 τόν
673 840 839 922 χιτιῦνα,·

446 939 512 1005 ΑΔ.
559 938 664 1003 Τοῦτο
690 939 751 1021 μὲν
777 930 819 1004 τό
844 931 1031 1021 κεφάλαιον
1057 926 1177 1022 όμοιόν
1202 937 1272 1004 έστι
1296 940 1374 1006 τοῦ·
1405 929 1555 1007 ὀδόντα
1575 931 1665 1006 ἀντὶ

329 1049 345 1102 5
363 1027 540 1115 όδόντος·
576 1028 649 1102 ἀλλ’
672 1034 727 1102 ἵνα
747 1032 791 1122 μὴ
815 1038 937 1121 οἰηθῇς
958 1027 1069 1121 ἀργῶς
1085 1027 1169 1121 ήμᾶς
1190 1033 1276 1120 πρὸς
1291 1031 1352 1116 τάς
1369 1031 1549 1121 προτάσεις
1572 1041 1665 1120 φέρε-

290 1143 342 1198 816
364 1142 453 1216 σθαι,
477 1137 505 1202 εί
524 1138 580 1202 καί
601 1128 745 1220 μάλιστα
760 1139 920 1204 δικαστοῦ
942 1128 1053 1203 τόπον
1068 1129 1203 1219 φθάσας
1217 1140 1423 1222 κατείληφας
1444 1137 1481 1204 ἐν
1499 1137 1505 1220 Ι
1523 1138 1574 1222 τῷ
1597 1137 1666 1203 ἐπι-

365 1236 479 1319 φέρειν
500 1228 562 1312 τὰς
583 1235 620 1302 ἐκ
646 1239 719 1302 τῶν
745 1239 890 1320 γραφῶν
915 1228 1109 1321 ἐρωτήσεις·
1142 1227 1161 1304 ό
1187 1228 1249 1320 γάρ
1272 1260 1326 1303 τοι
1348 1237 1522 1318 ἐπιφέρων
1542 1240 1666 1322 μείζων

364 1327 433 1402 ἐστί
456 1337 518 1402 τοῦ
540 1336 771 1419 ἐπιλυομένου·
802 1337 907 1402 τοῦτο
930 1327 984 1402 τό·
1015 1327 1083 1402 ίάν
1108 1340 1170 1413 τίς
1191 1354 1261 1402 σου
1283 1330 1356 1421 ἀρη
1379 1329 1424 1402 τὸ
1446 1327 1608 1417 ίμάτιον
1629 1337 1665 1404 έν

362 1435 424 1519 μέν
446 1437 497 1520 τῷ
514 1426 694 1520 εὐαγγελίῳ
710 1435 903 1520 γέγραπται,
925 1435 962 1502 έν
984 1436 1018 1502 δέ
1037 1449 1111 1514 τοῖς
1129 1427 1351 1520 πατριάργαις
1372 1433 1460 1520 ἔργῳ
1483 1436 1665 1521 γεγένηται.

312 1541 345 1595 10
362 1525 482 1618 Ἰωσήφ
498 1526 682 1612 ἀποδυθεὶς
702 1529 742 1602 τὸ
761 1526 896 1616 ίμάτιον
913 1527 981 1602 ῦπό
1001 1537 1074 1601 τῶν
1093 1527 1252 1617 ἀδελφῶν
1274 1527 1315 1600 οῦ
1334 1525 1441 1619 μόνον
1459 1529 1523 1601 τόν
1536 1539 1665 1619 χιτῶνα

363 1634 578 1720 προσδίδωσι,
600 1627 750 1700 κατὰτὸ
773 1635 894 1717 λεχθέν
916 1633 1021 1719 ἐντῷ
1044 1626 1234 1720 εὐαγγελίῳ,
1256 1625 1343 1701 ἀλλὰ
1364 1637 1421 1700 καὶ
1441 1636 1531 1701 σιτία
1551 1637 1607 1701 καί
1629 1635 1665 1700 έν

362 1735 470 1818 καιρῷ
494 1734 593 1817 λιμοῦ
613 1727 745 1816 τροφὰς
766 1735 821 1798 καὶ
844 1721 906 1799 όοα
920 1738 1062 1800 πλείστα
1084 1733 1159 1815 [ὅσα]
1174 1727 1335 1819 χρήματα.
1371 1726 1535 1801 ἀλλὰκαὶ
1556 1734 1593 1801 έν
1614 1737 1664 1818 τῷ

364 1825 458 1918 νόμῳ
486 1834 591 1898 τοῦτο
617 1833 881 1916 προστέτακται·
910 1827 978 1900 έόν
1004 1825 1103 1916 λάβη
1129 1851 1200 1900 σου
1229 1824 1248 1900 ό
1276 1825 1448 1915 ἀδελφὸς
1474 1823 1665 1918 ἀργύριον

364 1931 395 2014 [ἢ
416 1931 555 2013 fadum,
582 1931 637 2015 τῷ
665 1924 818 2016 ἑβδόμῳ
839 1934 932 2016 μηνί
956 1927 1115 2000 καὶτὸν
1138 1925 1262 1999 τόκον
1287 1935 1352 1997 καὶ
1378 1929 1423 2000 τό
1445 1925 1666 2015 κεφάλαιον

363 2024 529 2117 ἀφήσεις
550 2021 658 2116 αῦτῲ
682 2032 742 2112 [καὶ
763 2028 815 2094 τόν
835 2033 960 2111 γιτῶνα].

446 2234 548 2296 MBF.
582 2220 615 2295 ‘O
635 2222 816 2315 προφήτης
837 2232 901 2297 τοῦ
917 2232 1002 2297 θεοῦ
1023 2231 1084 2315 τῆς
1105 2233 1262 2316 γενέσεως
1284 2233 1384 2316 λέγει·
1406 2228 1455 2298 τὰ
1476 2223 1573 2313 τόξα
1594 2255 1666 2315 μου

363 2329 607 2415 ἐντεταμένα
626 2333 692 2396 καὶ
714 2324 762 2396 τὰ
784 2330 877 2414 βέλη
898 2352 976 2413 μου
998 2320 1237 2415 ἠκονημένα,
1260 2321 1538 2410 όδὲάπόστολός
1553 2351 1666 2416 φησιν·

363 2423 581 2496 ένδόσασθε
610 2424 684 2514 τήν
713 2433 946 2496 πανοπλίαν
973 2431 1045 2495 τοῦ
1070 2431 1168 2496 θεοῦ
1193 2424 1293 2514 πρὸς
1319 2426 1365 2498 τὸ
1392 2423 1589 2497 δύνασθαι
1619 2425 1666 2496 τὰ

362 2529 454 2614 βέλη
476 2531 549 2596 τοῦ
569 2530 749 2615 πονηροῦ
770 2522 819 2595 τὰ
839 2529 1104 2613 πεπυρωμένα
1124 2528 1265 2607 σβέσαι.

311 2639 346 2696 20
446 2631 512 2696 ΑΔ.
556 2623 674 2698 Καλόν
694 2630 788 2714 καλῷ
812 2619 874 2696 οῦκ
896 2619 1095 2708 ἀντίκειται,
1121 2616 1202 2695 οῦτε
1226 2621 1334 2696 κακόν
1355 2630 1463 2714 κακῷ,
1491 2616 1570 2696 οῦτε
1592 2630 1667 2712 φῶς

364 2732 470 2813 φωτί,
501 2717 580 2796 οῦτε
608 2723 728 2796 λευκόν
750 2729 873 2812 λευκῷ,
901 2719 986 2795 ἀλλά
1013 2722 1054 2795 τό
1080 2729 1186 2812 μέλαν
1213 2731 1263 2814 τῷ
1291 2732 1409 2814 λευκῷ.
1452 2731 1527 2808 πῶς
1550 2732 1668 2795 τοίνυν

365 2829 427 2896 οίει
452 2830 561 2897 ταῦτα
588 2821 796 2896 ἀντικεῖσθαι
822 2821 864 2892 τὰ
891 2827 954 2893 τοῦ
977 2820 1157 2913 προφήτου
1177 2830 1234 2894 καὶ
1256 2824 1300 2895 τὰ
1322 2831 1385 2896 τοῦ
1406 2821 1617 2908 ἀποστόλου·
1646 2819 1667 2910 ή

365 2921 498 3014 ἀγνοεῖς
520 2918 575 2996 ότι
596 2920 678 3010 τόξα
693 2929 748 2994 καί
771 2925 813 3008 [ἡ]
835 2919 978 3011 μάχαιρα
992 2930 1048 2992 καὶ
1067 2921 1189 3011 θυρεός
1207 2930 1263 2993 καί
1284 2929 1364 3013 βέλη
1378 2927 1434 2993 καί
1448 2917 1539 2996 όπλα
1553 2920 1667 2995 πάντα

364 3021 532 3114 πολεμικά
552 3028 660 3108 έοτιν,·

314 3137 347 3192 25
447 3132 511 3194 ΕΓ
512 3131 569 3194 ΤΡ.
610 3118 642 3192 ‘0
661 3118 844 3212 προφήτης
866 3129 961 3204 τίνος
982 3113 1034 3210 ήν,
1057 3127 1120 3192 τοῦ
1142 3126 1273 3193 δικαίου
1293 3117 1315 3210 ἢ
1337 3127 1401 3193 τοῦ
1421 3128 1590 3212 πονηροῦ;

448 3231 552 3293 ΜΕΓ.
599 3227 664 3294 Τοῦ
686 3228 822 3292 δικαίου.

330 3353 345 3389 ο
448 3327 514 3392 ΑΔ.
555 3328 636 3403 Πῶς
657 3313 720 3392 οῦν
740 3319 893 3409 πονηρόν
920 3324 1004 3408 λέγει
1026 3314 1045 3391 ό
1072 3315 1266 3403 ἀπόστολος
1288 3318 1352 3392 τόν
1373 3326 1517 3404 δίκαιον,
1545 3325 1669 3410 λέγων·

364 3419 413 3491 τό
435 3427 528 3510 βέλη
551 3427 624 3492 τοῦ
644 3426 841 3509 πονηροῦ;

447 3527 567 3591 ΕῩΤΡ.
614 3516 661 3590 Οῦ
681 3515 809 3592 ταύτόν
830 3525 932 3592 ἐστιν.
1023 3564 1026 3574 ,

448 3759 529 3828 1-8]
548 3759 633 3815 L0.6:
646 3761 691 3824 29,
714 3757 763 3811 Mt.
776 3761 803 3813 5:
816 3759 857 3812 40.
876 3788 908 3795 —
927 3757 954 3826 4]
978 3756 1065 3811 Exod.
1077 3758 1123 3812 21:
1135 3758 1181 3821 24,
1204 3757 1267 3813 Ιιετ.
1279 3757 1325 3812 24:
1338 3758 1378 3813 20.
1397 3787 1431 3797 -
1449 3756 1574 3826 10-12]
1598 3756 1667 3812 Gen.

362 3845 395 3899 37
402 3862 408 3898 :
421 3844 467 3910 23,
488 3845 536 3898 42:
547 3844 613 3902 2511.
631 3875 664 3884 -
684 3841 804 3912 18-15]
822 3841 903 3896 Dent.
917 3843 962 3896 15:
976 3843 1055 3906 1-3,
1078 3841 1165 3897 Exn&
1178 3845 1222 3898 22:
1237 3845 1277 3908 25,
1290 3843 1331 3897 26.
1351 3873 1385 3882 -
1404 3842 1503 3912 13117]
1521 3841 1575 3898 ίσε.
1587 3843 1616 3896 5:
1629 3843 1671 3908 28,

364 3927 443 3983 θεαί.
456 3929 502 3983 32:
514 3929 555 3984 23.
575 3957 609 3967 -
627 3927 722 3998 18113]
740 3927 810 3998 Eph.
822 3931 850 3981 δι
866 3928 905 3991 13,
919 3927 959 3981 16.

449 4127 468 4182 4
486 4124 519 4182 τδ
538 4126 691 4192 ABGDEG,
709 4125 975 4195 <d.Ausgg.112
994 4119 1049 4181 όσα
1065 4145 1109 4195 χρ.
1128 4125 1183 4180 alle
1195 4125 1273 4188 Hss„
1292 4125 1313 4178 F
1332 4119 1386 4180 δσα
1402 4123 1455 4179 mik
1472 4123 1530 4180 (1ιεί
1543 4125 1671 4180 ΡσσΙιίοιι

364 4214 444 4266 σοίοε
461 4212 514 4264 den
532 4211 590 4264 θεοί
608 4211 726 4274 Βσολιελι,
747 4212 796 4265 καί
818 4205 872 4263 ὅσα
891 4210 915 4262 G
939 4214 943 4276 Ι
968 4209 1019 4282 14,
1037 4211 1074 4266 15
1096 4207 1113 4278 ἢ
1136 4206 1250 4279 ὶμάτιον
1268 4229 1294 4264 u.
1312 4207 1363 4264 τὸν
1380 4215 1486 4279 χιτῶνα
1507 4208 1598 4264 haben
1616 4207 1671 4264 alle

363 4295 435 4350 Hss.
452 4305 486 4354 <
503 4295 552 4349 lat.
571 4283 665 4349 Ubere.
682 4297 686 4360 Ι
706 4295 747 4350 20
757 4294 821 4349 -28
839 4293 891 4347 Die
908 4311 996 4363 ganzo
1013 4294 1240 4365 Beweisfflhrung
1257 4294 1294 4348 ist
1310 4293 1389 4348 nieht
1405 4293 1483 4348 recht
1499 4292 1569 4347 klar.
1604 4292 1671 4346 Was

364 4398 409 4435 am
427 4381 505 4436 Ende
529 4377 563 4433 οὐ
584 4375 688 4434 ταύτόν
711 4375 787 4432 ἐστιν
809 4377 916 4431 heissen
938 4377 1004 4442 ⁵011,
1031 4379 1155 4434 verebehe
1177 4378 1222 4432 ich
1243 4377 1329 4432 nicht
1364 4379 1458 4432 Rufius
1480 4378 1586 4432 »eadem
1606 4383 1670 4432 ευιιλ

363 4465 472 4520 omnm«
492 4463 589 4528 heisst,
614 4482 647 4517 w.
666 4481 688 4518 ε.
706 4464 775 4517 seh:
798 4462 919 4532 Prophet
935 4463 992 4517 und
1009 4463 1124 4534 Apostel
1142 4479 1227 4532 sagon
1245 4460 1378 4516 dasselbe.
1413 4461 1487 4516 Μσεε
1505 4463 1577 4516 nach
1595 4459 1670 4518 ἐστιν

364 4549 408 4605 ein
426 4549 626 4620 Fmgezeichen
648 4547 764 4602 sbehen‘?
794 4547 869 4601 Muss
892 4545 927 4602 οὐ
949 4549 1104 4617 gestriehen
1121 4546 1250 4602 werden?
1279 4548 1319 4601 Ist
1336 4547 1381 4601 ein
1398 4547 1461 4601 θεία
1480 4545 1671 4616 auugefallen‘e

363 4634 412 4690 Ich
429 4649 507 4705 wago
525 4633 602 4688 nicht
624 4650 658 4686 zu
675 4630 851 4687 οιιίεσίιεὶδεο
874 4635 878 4700 Ι
903 4633 942 4688 23
960 4631 977 4700 ὴ
996 4651 1046 4687 vor
1062 4629 1191 4702 μάχαιρα
1208 4631 1238 4686 in
1257 4631 1303 4686 all.
1321 4631 1391 4686 flss.
1412 4634 1415 4698 Ι
1437 4631 1476 4686 24
1494 4627 1571 4686 έστιν
1588 4641 1622 4691 <
1639 4629 1671 4686 Ε.
