3708 5528
180 1233 379 1328 (Incipiunt
396 1233 481 1306 libri
495 1232 709 1306 Adamantii
727 1231 894 1328 Origenis
913 1233 1090 1308 aduersus
1107 1235 1314 1310 haereticos
1332 1259 1486 1311 numero

266 1357 428 1450 quinque
453 1357 626 1430 translati
650 1379 673 1428 a
695 1355 829 1429 Rufino
853 1359 1071 1454 presbytero
1091 1362 1131 1433 et
1152 1359 1255 1433 missi
1277 1360 1405 1436 Paulo.

390 1565 413 1631 Ι.
447 1564 624 1646 Disputatio
648 1561 789 1648 trigenis
812 1579 884 1631 cum
905 1564 1058 1650 Megethio
1080 1565 1284 1653 Manichaeo).

264 1755 290 1798 c.
309 1733 341 1799 Ι.
378 1735 580 1795 Adamantius
598 1737 687 1796 desit:
717 1730 904 1814 Quicunque
924 1737 1079 1797 amatores
1098 1737 1173 1797 sunt
1191 1733 1334 1799 ueritatis
1349 1739 1380 1800 et
1394 1737 1490 1801 hone·

181 1833 257 1896 stati
285 1853 411 1897 morum
441 1833 570 1895 student
596 1851 752 1913 omneque
778 1852 906 1909 aeuum,
931 1852 995 1914 quo
1021 1831 1055 1896 in
1082 1832 1175 1897 huius
1197 1835 1308 1898 mundi
1327 1835 1398 1900 luce
1420 1857 1489 1899 uer·

182 1939 302 2011 santur,
335 1931 555 1997 emendatioris
586 1931 670 1995 uitae
704 1931 828 1995 firmare
859 1931 991 2014 cupiunt
1020 1931 1185 2011 institutis,
1221 1955 1284 1998 non
1314 1933 1405 1999 aliter
1434 1957 1491 2018 po·

181 2037 287 2098 terunt
314 2055 395 2116 quae
420 2033 520 2116 proba
546 2036 577 2096 et
599 2031 739 2114 perfecta
761 2033 834 2094 sunt
860 2030 1014 2109 obtinere,
1036 2031 1096 2096 nisi
1123 2032 1214 2097 firma
1240 2038 1271 2097 et
1297 2035 1403 2100 stabili
1428 2034 1491 2099 fide

147 2136 214 2200 oin
245 2137 338 2198 deum
364 2154 488 2215 semper
513 2131 627 2196 intenti
654 2132 725 2209 sint,
756 2152 851 2213 seque
880 2131 919 2194 ab
947 2153 983 2194 eo
1010 2130 1222 2196 indesinenter
1243 2155 1307 2198 non
1329 2133 1492 2218 ambigant

43 2251 50 2261 ·
180 2234 305 2300 intueri.
338 2231 366 2296 E
388 2231 545 2297 contrario
566 2254 641 2296 uero
663 2233 697 2294 hi
718 2231 773 2313 qui
794 2229 917 2294 lubrica
937 2231 1192 2316 inconstantique
1218 2233 1375 2297 sententia
1396 2233 1491 2298 fidem

181 2338 301 2400 rectam
331 2331 512 2398 curiositate
543 2332 653 2407 nimia,
682 2331 779 2396 immo
809 2330 916 2414 potius
942 2330 1100 2413 profunda
1121 2329 1256 2394 stultitia
1277 2337 1491 2416 corruperunt,

183 2433 406 2500 contumeliam
437 2431 538 2515 magis
564 2453 621 2514 per
647 2452 684 2494 aa
710 2452 790 2513 quae
816 2430 1017 2513 profitentur,
1044 2451 1139 2513 quam
1170 2429 1290 2494 cultum
1316 2432 1491 2496 ueneratio·

182 2557 318 2618 nemque
344 2531 482 2598 offerunt
503 2534 569 2595 deo.
611 2529 704 2596 Unde
726 2529 806 2593 mihi
826 2533 950 2594 videtur
974 2551 1039 2594 non
1065 2551 1176 2612 parum
1203 2552 1270 2595 esse
1291 2530 1436 2614 periculi,
1464 2531 1491 2595 si

133 2642 166 2696 10
183 2635 261 2699 fides
287 2637 406 2711 nostra,
434 2653 515 2715 quae
542 2634 661 2695 dedeo
684 2635 744 2708 est,
771 2630 892 2714 aliquid
914 2629 1026 2694 erroris
1048 2629 1195 2694 incurrat.
1238 2627 1491 2694 Fundamentum

183 2755 318 2817 namque
349 2737 380 2798 et
412 2730 537 2814 crepido
567 2731 665 2796 totius
695 2730 821 2813 pietatis
853 2734 901 2794 est
927 2731 965 2793 de
987 2729 1153 2793 diuinitate
1174 2730 1276 2812 prius,
1303 2733 1339 2793 ut
1360 2729 1491 2814 dIgnum

183 2841 238 2909 est,
269 2834 383 2899 sentire
413 2831 464 2897 uel
496 2834 628 2896 credere.
670 2829 713 2894 Et
738 2829 809 2894 ideo
835 2829 863 2894 si
888 2829 948 2894 tibi
973 2828 1109 2906 uidetur,
1143 2851 1161 2892 o
1189 2827 1320 2912 Megeti‚
1351 2829 1407 2893 fiat
1427 2850 1491 2893 ser·

182 2935 285 3000 monis
306 2933 477 2999 exordium.
1522 2921 1526 2928 ’

265 3038 427 3114 Mepettoo'ue
448 3036 535 3096 do'nit:
572 3029 783 3095 Praeueniens
813 3028 910 3093 irater
939 3029 1147 3093 Adamantius
1184 3027 1371 3092 sententiam
1401 3049 1490 3092 meae

133 3138 165 3191 15
181 3133 295 3198 mentis
326 3131 479 3216 exposuit.
520 3129 670 3195 Fatemur
698 3150 834 3213 namque
866 3132 897 3192 et
922 3149 980 3192 nos
1007 3127 1082 3212 quia
1103 3127 1181 3192 fides
1208 3131 1239 3193 et
1264 3132 1350 3192 recta
1371 3130 1409 3193 de
1432 3129 1490 3192 deo

182 3233 336 3298 sententia
370 3235 511 3315 praestat
544 3229 690 3295 omnibus
724 3229 828 3306 bonis,
863 3228 891 3291 si
926 3229 1003 3312 quid
1034 3229 1120 3292 aliud
1150 3225 1226 3292 boni
1257 3231 1305 3291 est
1333 3227 1367 3291 in
1397 3227 1491 3292 rebus

180 3333 335 3400 humanis.
369 3330 413 3396 Et
434 3329 504 3394 ideo
526 3331 588 3395 hoc
608 3329 686 3394 utile
709 3333 764 3408 est,
785 3332 821 3392 ut
841 3330 964 3394 medius
986 3327 1146 3393 internos
1168 3327 1262 3391 iudex
1284 3329 1390 3392 sedeat
1408 3327 1490 3403 talis,

182 3433 238 3518 qui
258 3432 391 3516 probare
413 3430 514 3512 possit
538 3431 609 3512 quis
635 3433 779 3494 nostrum
805 3433 922 3494 rectam
945 3432 976 3492 et
997 3450 1105 3492 ueram
1126 3427 1221 3492 fidem
1243 3431 1389 3509 exponat.
1426 3426 1491 3508 (Ad

182 3535 268 3618 quod
288 3531 492 3615 peridoneum
513 3535 591 3613 puto
613 3531 800 3613 prudentem
816 3530 900 3594 hunc
918 3533 950 3592 et
964 3528 1121 3592 eruditum
1135 3528 1248 3604 uirum,
1261 3525 1490 3609 Eutropium*)

131 3639 165 3693 20
181 3632 252 3717 Ego
282 3631 367 3695 enim
401 3632 564 3695 ostendam
600 3629 675 3712 quia
704 3651 762 3694 uos
792 3627 1017 3711 blasphematis
1047 3626 1149 3710 magIs
1183 3646 1278 3709 quam
1305 3625 1431 3691 creditis
1457 3626 1490 3689 in

181 3737 283 3812 deum,
306 3753 379 3796 cum
400 3752 512 3794 uerum
534 3732 635 3803 deum,
658 3729 713 3814 qui
734 3728 821 3793 solus
841 3730 944 3792 bonus
965 3730 1019 3805 est
1042 3749 1106 3790 non
1120 3725 1218 3790 uultis
1233 3744 1413 3809 agnoscere,
1435 3729 1491 3790 sed

181 3832 279 3897 edium
306 3833 463 3915 quendam
489 3851 546 3913 pro
567 3830 651 3894 bono
673 3830 732 3893 deo
755 3826 1027 3904 subintroducitis,
1055 3847 1126 3890 cum
1147 3825 1216 3908 ipse
1237 3825 1382 3890 dominus
1403 3825 1490 3890 Iesus

182 3931 325 3997 Christus
348 3930 445 3994 dicat:
477 3934 571 3994 Nemo
593 3933 698 4007 bouus,
720 3933 785 3993 nisi
804 3951 889 3992 uuus
910 3932 982 3991 mue
998 3935 1091 4007 puter.

265 4035 431 4112 meropius
452 4034 539 4096 outo:
568 4030 673 4093 Ambo
696 4048 772 4111 ergo
794 4051 844 4092 me
865 4027 1002 4091 iudicem
1025 4025 1168 4109 elegitis?

129 4134 163 4188 25
265 4137 320 4195 Ad.
341 4136 381 4195 d:
409 4131 523 4195 Ambo.
690 4145 693 4152 ⁴

266 4237 354 4295 Eat.
375 4235 415 4295 d:
444 4227 618 4294 Seruabitis
641 4247 717 4312 ergo
739 4226 926 4292 sententiam
949 4229 1071 4289 meam?

267 4446 285 4502 6
310 4447 441 4502 »intueri«
465 4446 502 4500 ist
523 4445 594 4512 hier,
621 4444 675 4499 wie
696 4443 888 4500 AmmMarc.
906 4440 1041 4506 xxiiia,
1061 4442 1105 4504 13,
1132 4437 1281 4509 passivisch
1304 4437 1462 4508 gebrauoht
1485 4440 1488 4508 t

183 4532 220 4588 It
239 4532 317 4588 Cod.:
335 4531 359 4586 si
377 4530 443 4601 quid
461 4530 531 4584 illud
543 4530 609 4585 boni
628 4527 710 4584 estin
726 4529 806 4583 rebus
823 4525 958 4582 humanis.
989 4523 1109 4596 (Caspari
1128 4523 1241 4577 tuderto
1254 4523 1321 4578 boui
1338 4523 1366 4578 in
1378 4523 1489 4580 bonum.

181 4617 337 4687 Unriehtig.
355 4648 388 4656 -
406 4617 438 4685 Β)
454 4617 458 4684 Ι
475 4615 514 4672 24
534 4614 652 4686 relegitis]
672 4613 706 4669 So
724 4612 773 4668 der
791 4611 856 4668 Cod.
876 4611 996 4680 (Caspari
1014 4609 1128 4664 tuderto
1146 4625 1174 4661 es
1191 4607 1220 4661 in
1240 4607 1384 4747 {digitius
1402 4639 1435 4647 -
1447 4609 1489 4679 B).
