3744 5528
378 515 437 578 178
934 507 1122 562 Adamantius.
1253 508 1294 562 De
1311 508 1341 562 la
1357 509 1416 566 Rue
1433 509 1473 563 IV
1488 507 1682 565 85111-8521).

460 676 531 742 ΑΔ.
574 669 755 762 Προδήλσυ
776 663 877 759 οόσης
899 676 961 758 τῆς
981 666 1201 755 ὑποστάσεως
1223 679 1284 761 τῆς
1305 676 1472 761 σαρκικῆς,
1494 678 1683 760 παρέξομαι

376 780 433 844 καί
459 768 646 857 ἀποδείξεις
672 775 709 842 ἐκ
735 778 809 842 τῶν
837 777 981 859 γραφῶν
1008 763 1062 842 ὅτι
1088 769 1195 860 σάρκα
1219 779 1277 843 καὶ
1303 773 1382 860 αίμα
1407 779 1464 844 καὶ
1486 766 1587 842 ὀστέα
1608 768 1683 844 ἀνέ-

377 882 481 958 λαβεν
503 866 522 943 ὀ
545 866 704 960 οόράνιος
726 867 842 960 λόγος,
872 879 929 942 καλ
954 869 1098 959 πρῶτόν
1119 899 1155 962 γε
1177 869 1244 944 ἀπὸ
1268 878 1332 944 τοῦ
1354 868 1556 961 εὐαγγελίου.
1597 869 1684 960 μετά

378 972 440 1062 γάρ
464 970 529 1061 την
550 975 588 1042 έκ
610 978 742 1059 νεκρῶν
765 973 901 1060 ἔγερσιν,
923 967 1153 1055 ἀπιστοῦντος
1174 971 1268 1061 αὐτῷ
1294 977 1407 1059 Θωμᾶ,
1430 973 1566 1058 ἔφασκε·
1587 965 1684 1056 βάλε

343 1070 450 1144 στὸν
472 1066 674 1142 δάκτυλόν
695 1094 766 1143 σου
787 1073 841 1153 είς
863 1071 959 1153 τοὺς
981 1069 1131 1155 τύπους
1155 1080 1239 1143 τῶν
1260 1067 1371 1161 ἥλων
1391 1078 1456 1142 καὶ
1478 1069 1551 1160 τὴν
1571 1063 1685 1158 χεῖρά

378 1196 449 1244 σου
478 1174 533 1254 είς
564 1170 637 1260 τὴν
666 1168 855 1260 πλευράν,
887 1179 952 1242 καὶ
980 1170 1030 1261 μὴ
1061 1178 1176 1260 γίνου
1206 1173 1374 1255 ἀπιστος
1404 1168 1503 1243 ἀλλά
1531 1165 1685 1252 πιστός.

378 1277 532 1360 πνεῦμα
554 1269 625 1360 γὰρ
652 1265 777 1358 σάρκα
804 1278 868 1342 καὶ
895 1266 1016 1343 ὀστέα
1037 1268 1108 1342 οόκ
1129 1273 1206 1361 ἔχει
1228 1268 1281 1355 ὦς
1303 1276 1368 1359 ἐμὲ
1388 1266 1509 1359 ὀρᾶτε
1529 1271 1684 1358 ἔχοντα.

462 1379 526 1440 Εἴ
526 1379 583 1441 ΤΡ.
623 1366 655 1440 ‘0
687 1369 834 1459 Χριστὸς
868 1373 968 1458 ἔδειξε
998 1379 1116 1458 σαφῶς
1149 1369 1256 1459 σάρκα
1285 1378 1341 1442 καὶ
1371 1366 1472 1443 ὀστέα
1502 1373 1685 1458 ἐσχηκέναι

345 1469 442 1561 οχρὴ
464 1464 526 1543 οὖν
546 1477 692 1558 πρῶτον
714 1476 888 1560 δειχθῆναι
910 1463 966 1541 ὅτι
987 1467 1083 1543 αόσία
1105 1473 1197 1542 ἔστιν
1220 1475 1258 1542 έν
1276 1467 1413 1561 οόρανῷ
1436 1472 1555 1558 ἔχουσα
1577 1465 1686 1556 σάρκα

328 1583 362 1637 10
379 1576 436 1644 καί
458 1567 567 1654 ὀστέα,
588 1577 645 1641 καὶ
667 1566 748 1641 τότε
771 1569 812 1640 τό
836 1567 1088 1660 ἀσφαλέστερον
1109 1566 1273 1660 εὑρήσετε.

464 1677 567 1741 ΜΑΡ.
605 1664 734 1756 Ἐδειξα
756 1669 797 1741 τὸ
820 1670 983 1760 σώματα
1003 1667 1233 1759 ἐπουράνια.

463 1777 584 1840 ΕῩΤΡ.
626 1777 801 1840 Δείκνυται
830 1763 893 1840 οὖν
923 1765 1077 1859 ἀστέρων
1107 1766 1214 1841 αάτόν
1244 1766 1462 1860 ἀνειληφέναι
1491 1763 1597 1857 σάρκα
1626 1773 1686 1838 καὶ

380 1866 489 1953 ὀστέα,
512 1863 596 1954 ὅπερ
617 1864 796 1941 ἀδύνατον.

463 1974 530 2040 ΑΔ.
566 1965 802 2058 Εάδηλότερόν
824 1992 860 2039 σε
882 1965 1052 2058 ἐπιστήσει
1071 1974 1213 2053 Παῦλος,
1236 1969 1301 2059 τὴν
1322 1967 1507 2054 διαστολὴν
1527 1965 1687 2055 σώματος

311 2084 363 2139 852
381 2075 437 2141 καὶ
464 2066 587 2157 σαρκὸς
613 2067 754 2150 δεικνύς·
785 2061 892 2140 οὕτω
922 2073 983 2138 καὶ
1008 2064 1118 2157 ὀμείς
1144 2096 1244 2141 ποτε
1270 2059 1352 2157 ἦτε,
1376 2075 1517 2156 Ιφησίν,
1545 2071 1687 2154 ἐχθροί

381 2174 455 2241 τοῦ
479 2172 578 2238 θεοῦ
603 2175 668 2239 καὶ
694 2172 803 2253 ξένοι
829 2172 900 2258 τῆς
926 2172 1163 2258 ἐπαγγελίας
1191 2175 1273 2239 τῶν
1298 2174 1519 2258 διαθηκῶν·
1550 2171 1621 2236 νῦν
1644 2171 1686 2236 δὲ

383 2263 731 2355 άντικατήλλαξεν
745 2271 787 2338 ἐν
802 2274 858 2357 τῷ
874 2267 1029 2356 σώματι
1044 2274 1114 2357 τῆς
1129 2265 1273 2356 σαρκὸς
1288 2264 1427 2351 αότοῦ,
1443 2274 1552 2352 δείξας
1566 2273 1688 2352 σαφῶς

383 2375 440 2439 καὶ
461 2374 557 2455 σῶμα
578 2373 635 2437 καὶ
656 2363 764 2453 σάρκα
787 2362 894 2439 αότόν
915 2364 1138 2456 ἀνειληφέναι.

464 2471 598 2556 (ΕῨΤΡ.
641 2463 789 2554 Δειξάτω
818 2471 846 2536 εί
871 2468 964 2538 ἔστιν
993 2464 1088 2538 οόσία
1114 2471 1150 2538 έν
1177 2463 1312 2557 οόρανῷ
1343 2469 1463 2556 ἔχουσα
1494 2462 1600 2555 σάρκα
1629 2471 1687 2534 καὶ

330 2579 365 2632 20
384 2566 463 2655 αίμα
482 2572 539 2637 καί
561 2560 681 2654 ὀστέα.)

465 2670 567 2735 ΜΑΡ.
615 2663 782 2754 Οόράνιον
803 2667 875 2754 έσχε
897 2671 953 2736 καὶ
974 2672 1150 2754 δείκνυμεν
1172 2659 1227 2736 ὅτι
1250 2662 1410 2753 οόράνιαν
1432 2657 1483 2755 ἦν.

466 2771 533 2835 ΑΔ.
567 2759 647 2837 Ἀπό
669 2773 770 2848 ποίας
792 2761 921 2849 οόσίας;
942 2760 1010 2837 ἀπὸ
1033 2771 1094 2855 τῆς
1115 2761 1402 2855 ἀγγελικῆς;ἀλλ’
1423 2763 1573 2856 ἀπάτης
1595 2769 1689 2852 ἐξου-

385 2872 471 2949 σίας;
493 2859 566 2936 ἀλλ’
588 2860 657 2935 ἀπὸ
678 2862 898 2953 κυριότητσς;
918 2862 1030 2937 πόθεν
1052 2861 1226 2952 ἀνείληφε;
1249 2872 1331 2953 λέγε.

466 2971 587 3034 ΕῩΤΡ.
631 2962 688 3052 Μὴ
714 2969 883 3050 δείξαντες
912 2960 1044 3047 οάσίαν,
1076 2962 1180 3049 σάρκα
1211 2963 1372 3052 οὐράνιον
1403 2963 1550 3053 φάσκετε
1581 2962 1688 3036 αότόυ

332 3074 366 3128 25
387 3060 613 3151 ἀνειληφέναι.
654 3059 783 3152 ἀνάγκη
806 3055 868 3134 οὖν
890 3067 927 3134 ἐκ
948 3064 992 3154 μὴ
1016 3057 1133 3158 ὀντων
1155 3071 1264 3154 λέγειν
1287 3061 1393 3137 αὐτὸν
1416 3062 1644 3155 ἀνειληφέναι.

467 3269 570 3333 ΜΑΡ.
609 3257 749 3350 Δοκησει
772 3267 881 3352 φαμεν
897 3258 1005 3334 αότόν
1026 3259 1252 3352 ἀνειληφέναι,
1276 3261 1324 3348 οός
1345 3271 1400 3335 καί
1424 3267 1455 3337 σί
1478 3263 1613 3355 ἀγγελοι
1635 3272 1688 3354 τῷ

347 3357 529 3452 υἊβραάμ
550 3358 719 3450 ὤφθησαν
732 3368 789 3432 καί
811 3362 941 3462 ἔφαγον
954 3368 1011 3432 καί
1033 3364 1131 3436 ἔπιον
1151 3359 1223 3452 μετ’
1245 3360 1360 3448 αότοῦ,
1385 3357 1479 3436 οὕτω
1500 3373 1556 3435 καὶ
1578 3360 1688 3447 αότός.

469 3468 535 3533 ΑΔ.
582 3469 618 3532 Τί
648 3453 710 3534 οόν
741 3457 825 3551 ἡμᾶς
860 3463 946 3549 ἡλθε
976 3459 1106 3549 διδάξαι
1136 3463 1201 3552 τὴν
1231 3459 1396 3552 ἀλήθειαν
1426 3468 1481 3535 ἵνα
1511 3460 1553 3536 δι’
1584 3460 1690 3552 αὐτῆς

387 3567 544 3652 σωθῆναι
566 3568 783 3651 δυνηθῶμεν;
812 3556 834 3650 ἢ
855 3557 934 3631 καθ’
957 3558 1041 3649 ὑμᾶς
1066 3559 1273 3650 ψευδόμενος
1299 3566 1502 3652 ἐπηγέλλετο
1525 3561 1603 3654 ἡμῖν
1623 3562 1689 3651 τὴν

334 3673 369 3726 30
387 3669 574 3750 σωτηρίαν,
602 3664 630 3730 εί
655 3665 716 3749 μέν
743 3659 796 3732 διά
823 3665 887 3732 τοῦ
914 3659 1058 3746 ψεύδους
1084 3657 1168 3750 ἡμᾶς
1199 3672 1294 3733 καλεῖ
1324 3669 1370 3746 είς
1395 3663 1460 3754 τὴν
1490 3661 1595 3754 ζωήν,
1626 3659 1690 3735 οόκ

388 3758 521 3850 ἀληθὴς
544 3758 618 3848 [οὖν]
641 3753 719 3850 ἦνῆ
742 3767 806 3832 τοῦ
819 3759 964 3848 ψεύδους
985 3764 1177 3852 ἐπαγγελία·
1200 3769 1228 3833 εί
1249 3769 1285 3834 δὲ
1307 3759 1468 3852 ἀληθείας
1491 3760 1691 3846 διδάσκαλος

472 3983 555 4054 4-2]
573 3983 634 4039 Joh.
647 3985 692 4040 20:
705 3985 746 4047 27,
765 3983 809 4038 Le.
822 3984 867 4038 24:
881 3985 923 4039 39.
941 4013 974 4022 —-
993 3984 1115 4054 15-17]
1134 3985 1203 4056 Eph.
1216 3987 1244 4041 2:
1258 3987 1352 4053 12,16,
1371 3985 1427 4042 Col.
1440 3989 1468 4040 1:
1481 3987 1522 4042 21.

474 4171 492 4225 4
506 4163 626 4241 ἔγερσιν]
640 4165 833 4224 ἀνάστασινΗ
848 4170 853 4237 Ι
868 4167 1001 4234 ὅτέτιους
1010 4169 1155 4224 BDEFGH
1166 4169 1223 4224 Pio.
1232 4170 1346 4236 Humfr.,
1357 4170 1463 4237 τδπους
1473 4171 1520 4225 Ao
1534 4171 1560 4224 d.
1570 4169 1689 4238 Auum

390 4255 429 4312 10
447 4253 480 4310 τὸ
498 4263 531 4312 <
550 4255 583 4307 B¹
601 4255 605 4321 Ι
622 4251 709 4317 19129
726 4251 808 4306 Diese
820 4251 918 4307 Worsse
935 4252 982 4308 δεε
994 4253 1071 4308 Eutr.
1089 4252 1207 4320 δειξάτω
1219 4285 1252 4295 -
1265 4251 1350 4310 ὀστέα
1368 4255 1461 4309 finden
1478 4255 1535 4310 sich
1552 4255 1630 4310 nieht
1647 4253 1692 4308 bei

387 4339 450 4395 Rus.
486 4339 529 4393 Sie
552 4337 614 4392 sind
637 4336 734 4407 gewiss
757 4336 816 4390 hier
837 4337 1005 4406 unbequem,
1032 4337 1095 4393 weil
1118 4338 1162 4393 die
1180 4341 1308 4393 Antwort
1325 4339 1372 4393 des
1389 4339 1457 4396 Mar.
1475 4337 1610 4412 οὐράνιον
1628 4333 1692 4409 ἐσχε

388 4425 448 4477 sich
465 4440 520 4493 eng
538 4441 575 4477 an
593 4423 637 4477 die
654 4422 729 4477 Rede
746 4420 794 4475 des
811 4418 862 4473 Ad.
881 4420 1050 4476 anschliesst«
1085 4423 1146 4476 Rus.
1163 4423 1238 4477 kann
1257 4423 1296 4478 sie
1317 4425 1382 4479 aber
1400 4423 1501 4494 gerado
1518 4423 1613 4479 darum
1632 4443 1691 4479 aus·

389 4509 515 4578 gelmon
533 4507 624 4562 haben
647 4509 652 4574 Ι
675 4507 715 4563 28
732 4512 782 4573 τῆς
798 4523 859 4576 κυρ.
877 4505 903 4561 Η
927 4507 931 4574 Ι
955 4506 995 4562 29
1012 4505 1029 4576 ἢ
1046 4506 1076 4560 in
1094 4507 1167 4562 allen
1185 4508 1264 4570 ΗΕΒ..
1285 4527 1340 4564 von
1358 4509 1383 4562 d.
1401 4510 1420 4565 l.
1438 4511 1469 4563 R.
1488 4525 1536 4563 aus
1554 4508 1693 4564 Versehen

389 4592 565 4660 ausgelassen
589 4595 593 4660 1
616 4589 813 4660 ἐπηγγέλλετο]
831 4586 1001 4661 ἐπηγγέλετο
1019 4591 1127 4657 ΑΒΓΗ,
1151 4589 1333 4662 έπηγγείλετο
1352 4593 1377 4648 d.
1395 4595 1454 4648 θον.
1473 4610 1499 4648 u.
1518 4593 1543 4648 d.
1562 4596 1665 4663 Ausgg.
1688 4595 1691 4660 Ι

389 4677 427 4732 91
448 4669 500 4732 οὖν
517 4685 550 4736 <
569 4676 637 4731 GFH
654 4675 711 4730 Pie.
