3744 5524
178 518 304 590 Caepari
320 520 333 573 Ι
350 536 373 574 a.
390 521 432 576 24.
450 522 491 576 25.
788 521 898 594 Dialog.
1453 534 1494 596 49

269 697 358 756 Eutr.
372 696 412 756 d:
438 688 510 756 Nisi
524 711 636 776 regum
651 695 682 756 et
702 692 880 776 principum
894 696 1034 776 potestas
1049 693 1168 774 fuisset,
1191 698 1349 777 quomode
1370 699 1495 778 poterat

178 787 331 856 Christus
353 789 517 874 crucifigi?

269 911 296 956 e.
311 889 426 959 XXV·
455 896 530 970 Mea.
544 895 583 954 et:
608 889 724 955 Daniel
738 891 826 956 dicit:
853 895 929 971 aas,
944 903 970 956 et
983 915 1041 956 eeee
1055 897 1132 975 tapes
1150 899 1266 958 ereiseas
1279 905 1323 958 eet
1341 899 1375 958 de
1395 906 1494 959 munte

176 996 248 1054 siae
275 995 419 1054 manetes
444 999 471 1052 et
485 995 634 1070 percussit
657 996 821 1072 imapiaem
844 1001 870 1056 et
894 997 963 1072 feeit
983 1015 1049 1057 eam
1069 999 1159 1075 quasi
1174 999 1342 1076 palearem,
1372 999 1426 1076 qui
1445 1017 1493 1058 ea·

141 1093 330 1170 teufflatae
359 1100 402 1154 eet
430 1112 450 1154 a
478 1101 574 1154 aesta.
612 1090 705 1174 Lapis
736 1094 841 1156 autem
869 1096 935 1156 erat
959 1111 1092 1176 regnum
1119 1092 1227 1158 aDeo
1249 1092 1435 1178 gloriosum,
1462 1099 1494 1158 et

176 1189 291 1273 imago
306 1194 465 1254 terrenum
478 1190 598 1254 indicat
615 1209 758 1274 regnum.
793 1188 886 1256 Unde
901 1191 1076 1257 ostenditur
1098 1192 1214 1276 quiuis
1237 1193 1291 1276 qui
1312 1215 1368 1276 per
1388 1192 1492 1277 legem

177 1294 210 1352 et
233 1289 407 1373 prophetas
426 1292 630 1355 annuntiatus
645 1294 700 1368 est,
719 1288 870 1371 Christus,
891 1293 1032 1357 nondum
1054 1293 1149 1356 uenit.
1186 1291 1221 1356 Si
1243 1292 1325 1356 enim
1346 1293 1492 1372 uenisset,

177 1410 348 1472 nunquam
376 1388 462 1454 aliud
491 1409 624 1474 regnum
654 1393 736 1454 esset
764 1391 798 1454 in
826 1390 931 1470 terris,
961 1391 1044 1455 sieut
1072 1391 1192 1456 indicat
1216 1391 1338 1458 Daniel.
1379 1391 1429 1456 Ex
1455 1413 1492 1456 eo

177 1491 299 1567 autem,
321 1491 406 1571 quod
428 1489 534 1554 omnia
555 1508 652 1573 regna
666 1488 731 1572 <in>
753 1512 810 1554 sua
828 1489 1044 1555 incolumitate
1065 1494 1246 1573 perdurant,
1270 1496 1394 1556 eonstat
1413 1514 1492 1557 non·

125 1596 158 1650 10
177 1589 259 1651 dum
287 1591 396 1653 adesse
419 1587 509 1652 illum
531 1586 690 1653 Christum
715 1607 822 1672 regem
847 1589 903 1672 qui
928 1611 986 1673 per
1003 1590 1107 1674 legem
1129 1596 1160 1656 et
1179 1591 1351 1675 prophetes
1373 1614 1492 1659 annun·

177 1685 282 1750 tiatus
304 1692 352 1751 est
373 1709 440 1752 esse
461 1690 620 1752 uenturus.

267 1791 323 1849 Ad.
345 1791 384 1851 d:
415 1784 502 1862 Quae
533 1791 617 1852 reete
646 1789 680 1852 in
707 1788 869 1871 seripturis
896 1789 1012 1854 sanetis
1037 1787 1121 1853 dieta
1146 1792 1220 1853 sunt
1242 1811 1307 1854 non
1332 1793 1416 1854 reete
1441 1790 1490 1854 uis

176 1883 335 1968 intellegi
376 1884 441 1950 Lex
465 1885 548 1951 enim
570 1892 601 1951 et
621 1889 792 1970 prophetae
813 1909 877 1953 non
898 1891 978 1952 duos
998 1886 1138 1953 Christos
1159 1889 1267 1954 uenire
1289 1889 1410 1968 dieunt,
1436 1892 1492 1954 sed

176 1983 276 2048 unius
293 1982 409 2049 Christi
430 1989 509 2050 duos
524 1989 677 2051 aduentus
698 1988 847 2065 indieant,
867 2009 965 2052 unum
986 1987 1020 2050 in
1041 1987 1227 2066 humilitate,
1247 1988 1392 2070 primum,
1414 1989 1489 2053 alte-

125 2092 158 2146 15
176 2105 252 2146 rum
273 2084 307 2147 in
330 2083 444 2167 gloria,
471 2088 652 2150 seeundum.
694 2085 737 2152 Dt
758 2090 796 2151 de
818 2086 920 2170 primo
942 2089 1080 2151 aduentu
1102 2087 1179 2152 dicit
1194 2086 1317 2152 Esaias:
1352 2091 1490 2152 Uidimae

176 2205 259 2261 eum,
283 2195 311 2248 et
334 2207 397 2249 aon
417 2190 519 2248 tatuit
539 2190 663 2265 speeiem
683 2209 776 2268 neque
797 2192 937 2263 aemam,
963 2191 1014 2250 sed
1034 2191 1141 2268 speeies
1161 2192 1226 2251 eius
1247 2192 1376 2268 despecta
1395 2198 1422 2252 et
1442 2193 1489 2252 de-

175 2287 287 2364 ficiens
315 2307 408 2366 repra
436 2289 518 2366 filies
548 2289 715 2350 temtaam.
755 2284 799 2350 Et
826 2286 953 2350 iterum:
984 2291 1056 2350 Euae
1080 2309 1159 2368 puer
1183 2309 1268 2350 meas
1296 2310 1384 2369 quem
1409 2292 1488 2369 alepi,

176 2387 304 2448 dileatae
322 2407 407 2448 meas
427 2389 462 2448 ia
482 2407 541 2465 que
561 2388 736 2464 eemplaeait
755 2390 874 2448 animae
894 2407 983 2460 meae,
1005 2407 1068 2448 aaa
1088 2389 1245 2459 contendet,
1267 2409 1361 2468 aeque
1381 2391 1489 2451 ahma

177 2486 228 2560 bit,
250 2505 344 2564 nepae
365 2489 465 2548 audiet
485 2488 554 2565 quie
575 2489 610 2546 in
626 2487 734 2563 plataeis
747 2506 850 2548 aaran
871 2489 943 2549 aias.
989 2489 1147 2550 &lamam
1160 2489 1317 2548 eeatitwm
1337 2508 1400 2548 aaa
1420 2507 1489 2549 aare·

124 2584 159 2640 20
176 2587 293 2662 seinpet
321 2593 349 2648 et
371 2589 471 2648 tinam
495 2588 622 2664 samus
647 2605 710 2646 een
737 2589 891 2665 eatiayaet.
934 2582 977 2648 ut
993 2583 1121 2648 iterum:
1150 2586 1274 2647 Laetare
1293 2588 1359 2664 fitia
1380 2587 1488 2648 Hieru-

177 2687 274 2746 salem
294 2687 489 2761 ualidisstm
504 2687 645 2764 praediea
661 2686 727 2762 filia
746 2687 840 2748 Stoa!
862 2689 934 2747 ane
954 2705 1006 2746 rea
1028 2693 1098 2746 teas
1118 2687 1203 2746 uenit
1222 2687 1276 2746 tibi
1295 2687 1379 2746 mite'e
1398 2706 1489 2765 saper

177 2788 315 2861 uanam,
345 2782 428 2846 sieut
455 2785 487 2847 et
515 2782 548 2845 in
579 2781 743 2864 euangelio
774 2782 926 2866 seriptum
954 2787 1001 2848 est
1026 2781 1101 2865 quia
1122 2784 1233 2846 sedens
1255 2803 1348 2864 super
1369 2783 1489 2846 asinam

177 2882 326 2947 introiuit
350 2879 557 2946 Hierusalem.
600 2879 804 2947 Manifestum
830 2887 878 2947 est
905 2886 1010 2947 autem
1041 2883 1127 2965 quod
1155 2884 1186 2945 et
1214 2882 1248 2945 in
1275 2879 1376 2964 gloria
1404 2883 1489 2946 etin

178 2981 393 3046 humilitates
413 2979 575 3064 prophetis
598 2979 712 3046 dieitur
732 2983 932 3048 aduenturus.
970 2980 1032 3046 Sed
1053 2983 1085 3044 et
1098 2979 1217 3044 Paulus
1239 2979 1401 3062 apostolus
1424 2981 1488 3045 eui·

127 3093 160 3146 ‘25
179 3083 306 3146 dentius
332 3080 463 3158 indicat,
495 3082 533 3143 de
560 3083 696 3147 seeundo
717 3081 751 3145 in
772 3081 874 3165 gloria
896 3083 1034 3144 aduentu
1056 3083 1175 3144 dieens:
1206 3084 1245 3143 Ia
1264 3084 1354 3144 iussa
1374 3085 1432 3160 dai,
1453 3086 1488 3145 ia

178 3204 251 3246 aare
272 3185 450 3260 arataayete',
471 3185 507 3243 ire
527 3184 700 3244 maissiam
721 3185 790 3244 taba
811 3185 958 3245 deswnw
977 3185 1011 3243 de
1031 3185 1130 3259 caetis,
1151 3189 1178 3243 et
1196 3184 1309 3242 morlai
1328 3191 1488 3260 reearpaat

174 3285 287 3362 primi,
308 3284 411 3343 deinde
431 3301 489 3343 aas
510 3284 564 3360 qai
582 3284 734 3356 uiuimus,
759 3285 814 3362 qai
832 3283 941 3361 reliqui
960 3301 1068 3343 mmsis
1089 3285 1124 3342 e'a
1145 3285 1275 3344 adtremat
1297 3284 1373 3358 aiae,
1395 3285 1490 3344 amat

178 3403 249 3443 eam
279 3384 356 3460 iprsis
387 3384 540 3459 raptemur
569 3383 603 3442 ire
632 3383 762 3443 nubibas
792 3383 912 3443 absumta
938 3382 1054 3443 Christe
1083 3384 1119 3442 ia
1144 3387 1225 3458 aira,
1256 3379 1337 3443 sieut
1363 3383 1395 3443 et
1416 3384 1488 3445 ante

179 3479 294 3543 Daniel
321 3478 411 3543 dixit:
448 3484 517 3542 Uide'
542 3485 631 3560 quaet
654 3483 755 3559 fitium
780 3483 913 3544 hominis
939 3483 975 3543 in
1000 3483 1129 3543 nemisse
1153 3484 1325 3542 misaam.
1369 3477 1431 3543 Sed
1457 3484 1489 3543 et

267 3743 285 3797 8
310 3741 411 3795 »aas«
435 3743 509 3796 steht
531 3759 577 3796 arn
594 3741 690 3797 Raude
711 3742 763 3797 mit
785 3742 847 3798 dem
865 3741 980 3796 Zeiehen
999 3761 1018 3808 :‚
1046 3739 1094 3794 das
1117 3743 1187 3796 anah
1208 3742 1247 3795 im
1264 3742 1334 3796 Text
1351 3759 1400 3797 vor
1419 3742 1484 3797 ›ar‹

180 3829 287 3898 gesetzt
306 3825 351 3882 ist
386 3830 430 3880 An
453 3826 501 3881 der
527 3827 652 3881 aitierten
675 3827 713 3881 St.
736 3827 822 3882 selbst
846 3827 896 3880 hat
918 3825 966 3880 der
983 3825 1139 3882 Grundtext
1161 3834 1230 3879 uuirt
1255 3834 1325 3892 arn,
1352 3826 1397 3880 die
1413 3827 1487 3882 Lxx

180 3908 317 3984 ἐθεώρεις
334 3909 391 3965 und
403 3911 447 3964 die
459 3910 541 3981 Vulg.
561 3909 685 3965 Uidehae.
716 3912 747 3966 In
765 3911 813 3966 der
828 3911 862 3964 It.
879 3911 986 3965 sahsint
999 3913 1077 3980 Gypr.
1089 3910 1228 3966 Testimm.
1241 3911 1275 3976 II,
1288 3910 1319 3962 17
1337 3909 1394 3964 und
1405 3911 1486 3965 Eirm.

181 3997 249 4052 Mat.
261 3995 302 4050 De
314 4012 364 4050 err.
375 3995 444 4065 prof.
457 3994 535 4065 relig.
548 3995 580 4049 21
599 3993 708 4066 uuielge
726 3995 774 4050 das
787 3994 869 4049 Verb.
884 3995 990 4065 gefehlt
1001 4013 1035 4050 zu
1045 3995 1138 4049 haben
1152 3996 1157 4062 l
1171 3995 1191 4050 4
1209 3994 1274 4049 Cod.
1287 3993 1345 4050 sine
1359 3995 1487 4050 manibus

181 4081 214 4136 de
232 4083 333 4146 monte,
351 4081 403 4134 mit
414 4080 503 4134 einem
523 4079 572 4132 »b«
591 4081 659 4134 uber
678 4080 764 4134 »sine«
784 4078 841 4134 und
853 4080 941 4134 einem
956 4097 1002 4133 ›a‹
1021 4081 1089 4134 iiber
1102 4079 1166 4133 »de«
1183 4079 1187 4146 l
1203 4077 1222 4132 a
1240 4077 1306 4135 God.
1318 4095 1368 4133 sua
1384 4078 1485 4134 ineelo-

180 4165 278 4218 mitate
292 4165 297 4233 1
313 4163 377 4219 Ged.
389 4163 579 4234 perdurarent,
598 4163 649 4218 mit
660 4163 750 4218 Strieh
761 4166 843 4219 unter
857 4181 916 4218 ›ra‹
933 4167 938 4229 Ι
954 4164 993 4219 lt)
1012 4165 1049 4233 et]
1061 4164 1116 4218 Der
1127 4162 1191 4218 Cod.
1204 4163 1254 4216 hat
1265 4163 1311 4217 ein
1322 4164 1485 4230 schwaehes,

180 4247 309 4318 bleiehes,
327 4249 413 4304 durah
430 4247 613 4303 Ausradieren
630 4247 687 4302 und
704 4247 882 4304 Auswisehen
899 4248 1110 4303 halbaerstdrtes
1130 4247 1195 4301 ›ad‹
1217 4249 1220 4315 l
1241 4247 1280 4303 14
1297 4246 1353 4300 Das
1372 4246 1412 4300 »i«
1431 4263 1486 4301 von

181 4332 262 4390 unius
283 4335 358 4389 steht
379 4334 446 4388 tiber
468 4332 516 4387 der
534 4331 606 4387 Zeile
628 4333 669 4386 als
686 4332 838 4388 Korrektur
857 4336 861 4402 Ι
881 4334 949 4390 duos
971 4333 1114 4402 aduentus]
1136 4331 1239 4386 ›Duos‹
1262 4331 1337 4386 steht
1353 4331 1421 4384 dber
1438 4331 1487 4386 der

181 4417 260 4474 Zeila.
290 4416 327 4472 Ee
344 4417 416 4474 sieht
434 4435 482 4472 aus
495 4416 545 4472 wie
562 4417 607 4472 die
619 4417 770 4472 Korrektur
781 4419 855 4474 eines
867 4419 998 4489 Spdteren
1013 4419 1017 4486 Ι
1034 4417 1072 4474 18
1091 4414 1156 4472 Cod.
1170 4415 1310 4470 contendit
1324 4416 1329 4482 Ι
1345 4415 1381 4470 26
1399 4432 1486 4470 resur·

181 4502 259 4572 gunt]
277 4501 313 4557 Se
331 4501 379 4557 der
391 4502 456 4558 Cod.
485 4501 616 4556 Dasselbe
635 4501 725 4556 haben
744 4503 814 4558 auch
832 4502 897 4558 Ood.
914 4503 1054 4572 Sangerm.
1072 4501 1129 4556 und
1147 4499 1212 4556 Cod.
1224 4499 1290 4570 Reg.
1309 4517 1356 4555 seu
1369 4500 1486 4557 Claram.

181 4586 226 4642 bei
243 4587 305 4642 Sab.
340 4587 373 4640 In
390 4587 445 4642 den
462 4585 572 4641 Citaten
588 4586 634 4640 bei
652 4586 705 4640 den
723 4586 828 4641 Vtitern
849 4587 886 4641 ist
902 4587 980 4642 indes
1001 4591 1141 4656 resument
1163 4584 1311 4655 allgemein
1332 4585 1362 4654 (s.
1381 4584 1485 4639 Saea.

182 4672 207 4726 d.
226 4673 283 4739 St),
300 4689 357 4726 was
376 4671 448 4727 wohl
466 4671 536 4725 auch
553 4671 613 4725 hier
630 4689 663 4726 au
680 4669 756 4726 lesen
771 4671 816 4725 ist.

235 4757 402 4802 Adamantius.
1259 4754 1276 4807 4
