3744 5528
220 498 333 570 (tmperi
350 499 376 553 V
394 516 416 555 o.
434 501 475 556 26.
493 500 534 555 27.
819 501 929 572 Dinlog.
1467 509 1527 574 237
1558 454 1561 461 Ι

220 674 254 735 io
279 673 395 734 Christo
415 673 493 734 Iaso.
535 675 599 734 Lao
625 673 706 734 enim
727 674 852 751 spiritus
878 674 959 734 uitae
977 675 1015 734 io
1038 673 1155 735 Christo
1176 674 1244 736 Iesu
1269 675 1406 736 liberauit
1430 693 1488 735 ooo
1509 694 1529 734 o

220 774 277 850 leye
304 774 413 850 peceati
441 779 468 833 et
495 773 611 835 mortis.
653 767 819 853 Siquidem
847 791 936 834 meus
956 769 1023 853 legi
1050 769 1101 835 dei
1125 769 1291 848 seruiebat,
1321 791 1394 834 earo
1422 773 1527 834 autem

219 867 284 952 lagi
301 867 430 952 peceati,
452 867 582 932 ueniens
599 889 675 933 uero
691 866 834 934 Christus
856 869 1004 934 liberauit
1016 890 1074 934 nos
1095 891 1152 952 per
1172 868 1275 952 legem
1296 869 1424 952 spiritus
1442 869 1527 934 uitae

183 991 185 996 ’
220 991 239 1032 a
267 968 338 1052 lege
363 968 486 1052 peceati
516 971 547 1033 et
572 969 695 1045 mortis,
727 972 847 1033 eertum
873 973 921 1033 est
951 969 1026 1053 quia
1052 990 1138 1046 earo,
1169 990 1250 1053 quae
1275 968 1434 1034 seruiebat
1462 967 1527 1052 legi

187 1068 353 1151 dimetati,
382 1067 499 1132 ideireo
525 1066 659 1132 liberata
684 1072 732 1132 est
758 1091 777 1132 a
803 1067 927 1133 Christo
958 1072 995 1134 ut
1020 1069 1203 1134 saluaretur.
1245 1066 1348 1133 Nemo
1376 1068 1460 1132 enim
1486 1069 1526 1131 ad

220 1169 280 1233 hoe
302 1167 417 1232 dieitur
441 1166 592 1232 liberatus
618 1171 655 1231 nt
675 1172 790 1250 pereat.
832 1166 867 1233 Si
893 1167 971 1252 quid
995 1167 1112 1233 habent
1132 1167 1194 1251 ipsi
1214 1170 1255 1232 ad
1280 1169 1357 1232 haee
1378 1167 1526 1250 proferre,

220 1288 282 1331 non
304 1266 483 1350 reprimant.
525 1265 595 1350 Ego
619 1266 703 1331 enim
723 1288 781 1350 pro
803 1267 902 1332 nimio
923 1289 1032 1334 eorum
1058 1267 1216 1351 imperitia
1239 1266 1292 1332 uel
1316 1267 1527 1349 imprudentia

220 1365 398 1431 erubeseo.¹

302 1487 327 1530 e.
348 1463 526 1534 XXVIII.
562 1471 648 1530 metr.
670 1470 709 1531 d:
735 1463 793 1532 Isti
815 1465 950 1550 quidem,
971 1470 1007 1530 ut
1027 1465 1130 1544 uideo,
1156 1467 1240 1550 quod
1260 1465 1421 1548 proferent
1446 1463 1526 1530 nihil

170 1577 202 1632 10
219 1566 344 1644 habent,
365 1568 421 1629 sed
438 1565 580 1648 profeoto
603 1565 745 1630 omnium
758 1564 914 1631 melorum
936 1569 1096 1644 causant
1117 1563 1195 1629 mihi
1214 1564 1348 1644 uidetur,
1369 1563 1527 1648 imperItia

220 1669 275 1740 est,
305 1665 394 1730 euius
420 1663 546 1729 sedulos
576 1667 607 1728 et
634 1664 807 1728 familiares
833 1687 866 1730 se
896 1664 1044 1730 exhibent
1064 1663 1243 1749 Megethius
1268 1664 1370 1747 primo
1392 1668 1424 1729 et
1443 1662 1525 1729 Dro-

219 1764 318 1832 serius
339 1785 397 1828 nee
418 1785 483 1828 non
504 1768 536 1829 et
555 1763 711 1840 Marinus,
732 1762 852 1830 Ualens
875 1785 1001 1848 quoque
1023 1766 1054 1828 et
1074 1764 1211 1839 Marcus,
1239 1763 1308 1847 qui,
1331 1763 1524 1828 declinantes

219 1864 311 1928 auia
331 1867 418 1928 reete
440 1868 471 1927 et
493 1862 711 1928 ecelesiasticis
733 1864 943 1947 dogmatibus,
963 1864 1091 1954 umbras
1113 1862 1281 1927 uerborum
1302 1864 1340 1927 de
1361 1861 1524 1946 seripturis

218 1965 369 2046 aucupari
389 1964 537 2028 uidentur
556 1964 596 2025 ad
619 1983 738 2027 errores
759 1963 905 2045 proprios
926 1961 1122 2042 nutriendos,
1149 1966 1180 2027 et
1201 1961 1349 2027 dereliote
1369 1962 1422 2025 uia
1444 1983 1524 2045 quae

168 2063 305 2127 reducit
340 2065 380 2126 ad
415 2061 537 2127 eoelum
567 2061 601 2124 in
634 2061 819 2145 praecipitia
855 2063 958 2144 [quae]
993 2061 1055 2144 ipsi
1090 2083 1128 2126 ex
1163 2061 1259 2125 animi
1292 2062 1523 2145 praesumtione

219 2165 375 2240 corruunt,
399 2161 494 2227 etiam
515 2161 593 2226 elios
615 2163 840 2245 pertrahentes.
881 2159 962 2226 Uiae
988 2164 1092 2226 autern
1118 2160 1261 2226 ueritatis
1287 2161 1419 2226 idoneus
1447 2161 1523 2227 satis

219 2265 250 2326 et
271 2260 372 2326 fidelis
394 2265 531 2326 assertor
552 2264 600 2325 est
621 2265 895 2338 mergentesque)

294 4573 311 4628 5
329 4571 411 4641 enirn]
426 4570 491 4626 Cod.
505 4587 572 4639 ergo
588 4570 592 4638 Ι
609 4571 644 4626 15
664 4584 766 4638 ›quae‹
779 4569 853 4624 habe
864 4568 910 4622 ioh
922 4567 1030 4638 getilgt.
1061 4566 1185 4638 Caepari=
1205 4565 1249 4620 »in
1263 4582 1332 4635 qnae
1343 4565 1404 4636 ipsi.
1432 4567 1465 4620 In
1478 4566 1526 4621 der

210 4656 293 4712 Note:
312 4656 378 4711 Man
391 4658 521 4711 erwartet
539 4655 737 4716 »pertrahunt«
753 4653 819 4709 oder
831 4654 902 4708 anah
916 4652 1063 4708 »derelicta
1074 4650 1134 4706 uia«
1149 4652 1217 4706 statt
1236 4652 1280 4705 »et
1291 4650 1346 4706 der.
1359 4650 1431 4705 uiae.
1449 4679 1483 4690 -
1494 4651 1524 4706 B„
