3744 5528
226 477 340 551 caepta
356 479 382 533 v
400 495 423 533 a
441 479 481 534 25.
500 479 542 535 aa.
694 441 695 446 Ν
823 480 932 552 omog.
1471 477 1532 540 231

309 652 385 712 Mar.
406 653 448 712 d:
470 645 587 712 Anima
608 652 656 712 est
677 669 757 732 quae
779 649 912 733 accipiet
933 669 1055 732 corpus.

309 753 365 813 Ad.
381 753 421 813 d:
443 746 560 812 Anima
579 765 654 831 ergo
677 751 725 812 est
746 769 826 832 quaa
848 747 1005 832 sepelitur.
1042 747 1107 830 (Sic
1125 746 1209 812 enim
1227 744 1317 811 dicit:
1338 750 1380 809 Et
1400 753 1433 806 tu
1454 745 1536 823 quod

225 852 372 925 sautans,
400 870 464 912 noa
488 870 597 928 corpus
626 851 706 930 quod
729 852 871 928 suturam
896 858 939 912 ret
963 853 1103 927 caninus,
1128 852 1179 911 aad
1198 850 1317 910 nudum
1335 866 1475 924 punam,
1500 850 1535 905 ul

219 957 297 1030 pata
316 951 414 1012 muci.
456 951 539 1012 Deus
559 956 659 1012 auam
679 951 730 1011 dat
750 951 797 1010 a'lb'
816 969 924 1029 eorpus
939 958 1032 1029 prout
1050 944 1155 1030 ardt.*)

189 1059 206 1113 5
307 1053 394 1111 aaa.
414 1051 454 1111 d:
481 1045 561 1112 Cum
586 1045 743 1110 definierit
768 1046 978 1112 immortalem
999 1069 1067 1112 esse
1088 1045 1232 1124 animam,
1257 1065 1350 1122 nunc,
1375 1048 1412 1109 ut
1431 1041 1534 1118 uideo,

224 1169 288 1213 non
309 1145 414 1212 solum
435 1168 504 1211 aem
525 1146 691 1212 mortalem
712 1169 823 1212 uerum
845 1146 939 1212 etiarn
961 1145 1173 1229 sepeliendam
1196 1143 1334 1212 ostendit
1353 1143 1388 1208 in
1408 1147 1533 1208 terram.

306 1245 343 1330 (c.
358 1244 493 1314 XXVI.
521 1251 597 1312 Mur.
611 1251 651 1312 d:
672 1245 877 1331 Argumentis
891 1268 955 1312 non
970 1268 1049 1330 opus
1065 1249 1119 1324 est,
1141 1244 1222 1310 sicut
1240 1244 1280 1308 ab
1294 1243 1386 1309 initio
1401 1240 1529 1325 placuit

223 1344 403 1428 Scripturae
424 1344 605 1410 auctoritati
629 1366 738 1411 omnes
764 1349 917 1410 cedamus.
959 1344 1037 1410 Delo
1064 1347 1103 1409 de
1128 1342 1271 1428 apostolo
1298 1343 1372 1427 quia
1401 1346 1476 1407 Goro
1502 1353 1532 1405 et

223 1449 350 1526 sanquis
373 1468 500 1526 requam
520 1449 567 1510 dei
585 1467 649 1510 non
663 1450 864 1526 percidebuat
899 1444 971 1510 Hoc
997 1444 1132 1510 lucidius
1157 1443 1238 1508 nihil
1261 1447 1317 1508 ert
1351 1439 1529 1528 Resurgere

173 1557 207 1611 10
223 1566 288 1610 non
308 1547 421 1628 potest,
443 1547 529 1628 quod
550 1567 569 1608 a
589 1563 687 1629 regno
709 1545 760 1609 dei
780 1544 1006 1628 pronunciatur
1026 1543 1170 1609 alionum.

307 1649 362 1709 Ad.
383 1649 422 1709 ct:
448 1643 520 1709 Hoc
540 1643 574 1708 in
595 1643 809 1727 superioribus
831 1643 1048 1726 exposuimus,
1078 1645 1141 1723 sed,
1167 1643 1195 1708 si
1215 1642 1295 1707 illud
1320 1664 1384 1708 non
1406 1641 1525 1707 sufficit

222 1745 338 1809 iterum
358 1743 625 1828 respondebimus.

307 1849 382 1909 Mur.
404 1849 445 1909 d.:
473 1839 639 1927 Numquid
661 1841 823 1925 apostolus
844 1841 879 1906 in
900 1842 1062 1922 hocloco,
1088 1842 1171 1907 sicut
1190 1846 1227 1906 tu
1247 1841 1469 1924 interpretatus
1492 1861 1533 1918 ar,

225 1945 262 2007 de
284 1943 425 2009 moribus
440 1943 597 2007 tractabat
618 1946 673 2006 aut
687 1944 725 2005 de
744 1941 839 2018 uitiis,
860 1945 898 2006 ut
912 1963 1038 2006 carnem
1053 1941 1193 2006 carnales
1209 1941 1345 2006 dicaret?
1366 1939 1416 2005 De
1430 1961 1533 2004 resur·

174 2052 207 2105 15
224 2043 362 2108 rectione
387 2046 454 2107 arat
476 2042 504 2107 ai
526 2063 636 2107 sermo.
671 2040 816 2126 Denique
835 2045 1042 2125 posteaquam
1064 2043 1144 2108 dixit
1165 2040 1240 2125 qnia
1264 2045 1340 2105 Caro
1361 2050 1387 2104 et
1407 2044 1534 2120 sanquis

224 2166 351 2225 requam
373 2146 420 2207 dai
440 2165 504 2206 nou
518 2147 723 2224 possidebunt,
745 2141 779 2204 in
801 2140 1066 2225 consequentibus
1088 2140 1134 2206 sic
1156 2139 1245 2205 dicit:
1266 2145 1339 2205 Ecca
1357 2142 1535 2222 mystero'um

224 2247 311 2307 uobis
337 2247 410 2307 dico.
457 2246 566 2307 Omnes
596 2247 715 2324 qaudam
744 2264 913 2322 carpemus,
942 2263 1006 2305 nou
1035 2262 1138 2305 omnes
1167 2250 1268 2303 autem
1296 2243 1533 2304 immutabimur.

224 2339 318 2408 Unde
345 2343 506 2407 euidenter
531 2345 661 2424 apparet
691 2342 777 2424 quod
802 2340 903 2423 ipsam
930 2344 1075 2405 naturam
1097 2361 1221 2405 carnem
1247 2339 1424 2405 nominauit
1454 2359 1534 2422 quae

227 2461 360 2527 regnum
381 2441 432 2506 dei
452 2461 516 2505 non
539 2444 621 2504 esset
641 2441 801 2523 adeptura

176 2553 210 2607 20
309 2547 364 2606 Ad.
386 2546 427 2605 d:
449 2538 552 2615 Quid?
579 2542 664 2623 quod
685 2561 744 2605 neo
765 2539 811 2604 sic
833 2539 961 2624 quidem
982 2538 1118 2622 apostoli
1138 2538 1293 2604 sententia
1314 2537 1388 2602 fidoi
1408 2541 1534 2602 nostrae

227 2640 382 2705 contraria
401 2644 456 2705 est
491 2638 606 2724 Negat,
629 2643 663 2702 ut
682 2639 737 2719 uia,
758 2638 921 2721 apostolus
944 2660 1070 2704 carnem
1088 2658 1222 2723 regnum
1244 2637 1294 2701 dei
1311 2659 1534 2720 possessuram,

228 2761 340 2823 corpus
360 2747 467 2803 temen
488 2739 577 2817 dicit,
604 2744 635 2802 et
655 2741 818 2803 uideamus
840 2740 917 2823 quid
937 2760 995 2804 nos
1018 2740 1055 2801 de
1077 2739 1136 2802 hac
1162 2737 1337 2804 differentia
1362 2737 1534 2820 scripturae

227 2837 396 2904 auctoritas
418 2840 538 2903 doceat
573 2837 739 2904 Confiteris
761 2859 887 2903 carnem
907 2839 989 2902 hanc
1007 2841 1175 2922 antequam
1196 2836 1403 2919 plasmaretur
1423 2836 1534 2901 limum

226 2943 327 3003 terrae
348 2937 466 3004 fuisse?

175 3051 209 3105 25
309 3044 386 3104 Mor.
407 3043 446 3102 d:
468 3036 517 3102 Ita
539 3037 616 3102 dicit
635 3040 797 3122 scriptura.

310 3143 365 3203 Ad.
380 3143 420 3204 d:
441 3137 484 3203 Et
498 3137 608 3221 utique
624 3137 718 3202 etiam
739 3142 823 3216 tunc,
845 3157 917 3200 cum
933 3140 1014 3201 esset
1035 3136 1131 3202 limus
1145 3139 1255 3215 terrae,
1277 3158 1392 3219 corpus
1407 3136 1534 3220 quidem

228 3235 398 3316 dicebatur,
427 3240 537 3320 utpote
558 3240 654 3318 tarra,
685 3258 757 3302 caro
783 3240 889 3301 tamen
919 3234 1014 3319 (non)
1041 3236 1210 3314 dicebatur,
1241 3235 1316 3319 quie
1342 3258 1414 3302 caro
1446 3235 1536 3301 uelut

226 3337 389 3420 proprium
421 3339 581 3420 quoddam
603 3337 632 3401 ei
662 3341 710 3401 est
729 3335 764 3399 in
789 3337 849 3400 huc
874 3334 942 3400 uita
967 3335 1166 3402 uocabulum.
1209 3335 1376 3420 Proprium
1398 3357 1535 3420 namque

228 3434 329 3501 earnis
345 3439 393 3500 est
407 3436 534 3516 esurire,
550 3436 645 3514 sitire,
660 3435 888 3518 concupiscere,
903 3435 1017 3519 algere,
1038 3437 1170 3501 uulnera
1184 3435 1372 3520 doloresque
1387 3435 1534 3518 recipere,

176 3548 210 3602 30
227 3535 345 3600 morbis
361 3557 398 3600 ac
412 3535 584 3618 fragilitate
599 3535 766 3618 corrumpi.
792 3533 873 3611 Quia
894 3554 979 3619 ergo,
1001 3535 1083 3600 ricnt
1097 3537 1135 3600 ab
1158 3535 1248 3600 initio
1264 3538 1350 3615 deus,
1373 3556 1535 3600 assumens

226 3633 339 3699 limum
359 3639 468 3716 tarrae,
490 3637 587 3701 uertit
607 3635 641 3700 in
663 3656 795 3712 carnem,
823 3639 854 3698 et
875 3657 912 3701 eo
934 3635 997 3700 iam
1017 3635 1143 3720 proprie
1165 3658 1228 3701 non
1249 3639 1314 3700 tam
1335 3639 1419 3701 terra
1440 3657 1536 3720 quam

228 3755 300 3800 caro
326 3735 518 3816 nominatur,
551 3735 626 3819 quia
655 3735 742 3818 quod
766 3733 946 3799 insensibile
975 3735 1100 3800 eratin
1128 3757 1164 3799 ea
1190 3739 1273 3800 terra
1297 3739 1454 3800 mutatum
1476 3739 1535 3800 est:

228 3833 274 3898 ite
295 3834 380 3898 etin
401 3835 519 3914 futuro,
543 3856 614 3899 cum
631 3839 776 3899 naturum
798 3837 900 3898 earnis
914 3835 1007 3900 huius
1029 3838 1106 3900 deus
1120 3834 1153 3899 in
1175 3855 1289 3918 corpus
1303 3834 1537 3916 resuscitauarit

227 3932 375 4016 spiritale,
404 3935 468 3998 iam
494 3957 558 4000 non
584 3933 707 4000 dicetur
733 3954 818 4012 caro,
849 3932 924 4017 quia
951 3936 1029 4000 haec
1058 3957 1139 4018 quae
1165 3938 1253 3999 erant
1281 3934 1410 4018 propria
1434 3933 1536 3998 carnis

176 4040 209 4096 35
228 4032 350 4112 abiecit,
385 4033 419 4096 id
449 4037 505 4112 est,
541 4034 616 4118 quia
647 4055 751 4117 nequo
781 4033 903 4110 esuriet,
934 4054 1037 4117 noque
1067 4032 1159 4114 sitiet,
1192 4055 1295 4117 nequo
1324 4034 1452 4118 algebit,
1482 4038 1537 4098 aut

229 4131 357 4213 dolebit,
393 4136 448 4197 aut
483 4131 746 4216 concupiscentiis
782 4132 1004 4211 stimulabitur,
1042 4136 1098 4197 aut
1134 4132 1315 4199 morborum
1354 4133 1535 4198 diuersitate

229 4231 378 4297 soluetur.
421 4230 464 4296 Et
485 4255 609 4298 rursum
630 4253 715 4298 nunc
737 4253 819 4312 caro,
850 4233 932 4296 sicut
952 4232 1038 4309 haec,
1069 4232 1214 4315 quamuis
1241 4234 1412 4298 secundum
1435 4231 1536 4316 quali·

229 4336 325 4396 tatem
347 4353 418 4396 caro
441 4331 496 4411 sit,
522 4337 628 4397 tamen
649 4337 732 4398 terra
754 4331 848 4396 etiam
869 4331 919 4396 dei
941 4331 1097 4396 sententia
1117 4331 1232 4396 dicitur
1258 4331 1332 4416 quia
1353 4331 1443 4415 origo
1469 4330 1536 4396 eius

313 4480 411 4538 eoos.
421 4479 619 4550 immortalem
634 4482 648 4537 r
661 4481 725 4552 cap.
736 4483 769 4538 ao
778 4480 849 4536 rann
860 4479 897 4536 im
907 4480 982 4552 gar.
1000 4467 1439 4550 transcenderemus.
1452 4479 1534 4549 —Bl

229 4565 277 4632 stu
295 4568 310 4621 1
325 4565 384 4620 Cor.
398 4568 442 4622 15:
458 4567 492 4622 50
507 4565 511 4636 Ι
528 4565 566 4622 14
585 4565 625 4637 ut]
646 4566 711 4622 Cod.
730 4567 797 4636 anti
814 4566 901 4632 lom
921 4565 1009 4620 litor.
1021 4567 1065 4622 15:
1079 4567 1111 4622 51
1127 4565 1131 4634 Ι
1148 4564 1213 4621 (lod.
1231 4565 1367 4636 surgimus
1386 4566 1390 4633 Ι
1411 4563 1450 4620 22
1470 4562 1535 4620 (lod.

228 4648 297 4704 haec
308 4649 461 4705 differentis
475 4650 480 4720 1
496 4650 534 4706 27
549 4649 614 4705 Cod.
626 4652 658 4706 ut
669 4653 733 4722 pute
749 4650 754 4721 Ι
770 4667 856 4704 »non«
871 4659 904 4710 <
916 4649 981 4706 Cod.
997 4650 1001 4719 Ι
1017 4649 1057 4706 80
1070 4647 1179 4720 [uniat
1190 4651 1257 4704 -B
1273 4652 1277 4718 Ι
1293 4649 1333 4706 tl
1346 4650 1410 4706 (lod.
1423 4648 1536 4704 decitur.
