3744 5524
353 511 393 576 98
911 504 1100 559 Adamantius.
1253 503 1294 558 De
1311 504 1341 558 la
1357 505 1415 558 Rue
1431 504 1458 558 Π
1474 503 1661 560 867ο-868ε.

353 672 528 757 μέμνηται,
550 657 591 757 ἧς
611 671 644 738 σί
659 673 749 754 ξένοι
762 674 867 756 χωρὶς
883 673 1034 759 Χριστοῦ
1055 661 1278 755 ύπάρχσυσιν;
1299 661 1322 755 ἢ
1343 663 1383 750 άς
1405 660 1515 738 όκατ’
1536 662 1661 750 αύτούς

316 770 448 854 δξένος
468 774 525 839 καὶ
547 765 723 856 ἄγνωστος
743 771 965 857 ἐπηγγείλατο
988 764 1085 850 θεός;
1106 772 1162 837 καὶ
1176 762 1263 837 πότε
1277 771 1500 855 ἐπηγγείλατο
1523 761 1542 837 ό
1563 771 1659 856 μηδέ·

353 894 441 939 ποτε
466 873 583 954 φανεὶς
608 865 675 954 πρὸ
697 872 771 938 τῶν
797 874 946 954 Τιβερίου
968 873 1137 955 Καίσαρος
1157 864 1309 955 χρόνων;
1340 861 1362 955 ῆ
1385 872 1460 950 πῶς
1483 865 1659 956 ἄγνωστος

354 961 471 1049 αύτοις
498 959 540 1057 ῆν
562 961 582 1038 ό
608 962 779 1057 πρότερον
804 973 922 1038 λαλῶν
950 973 1006 1037 καὶ
1032 963 1334 1054 ἐπαγγελλόμενος,·
1362 973 1482 1053 σαφῶς
1503 964 1658 1052 διδάσκει,

320 1064 436 1148 δτοῦς
466 1071 583 1154 ξένους
614 1072 675 1157 τῆς
704 1063 869 1156 διαθήκης
899 1071 962 1137 τοῦ
990 1061 1117 1156 Ἰσραῆλ
1148 1060 1273 1147 άθέσυς
1301 1062 1443 1152 φάσκων
1467 1065 1562 1137 εἶναι
1603 1072 1660 1138 καὶ

354 1162 458 1237 πάλιν
473 1171 573 1255 λέγει·
597 1159 686 1237 όσαι
707 1164 778 1255 γάρ
801 1170 1159 1256 ἐπαγγελίαιθεοῦ,
1182 1167 1224 1234 ἐν
1245 1159 1353 1254 αύτῷ
1376 1164 1422 1237 τό
1445 1173 1517 1238 ναί
1553 1164 1659 1255 εἰγάρ

355 1259 374 1336 ό
396 1271 492 1352 ξένος
517 1271 572 1336 καί
597 1273 741 1354 πρῶτον
767 1271 829 1337 νῦν
851 1270 970 1351 φανεὶς
991 1256 1072 1336 οῦτε
1092 1263 1251 1353 ἐγνώσθη
1274 1272 1342 1335 τινί
1363 1263 1549 1354 πρότερον,
1580 1257 1659 1337 σῦτε

354 1365 589 1453 ἐπηγγείλατο,
614 1359 725 1455 ’δῆλον
752 1359 806 1437 ότι
833 1358 852 1435 ό
878 1360 1162 1453 ἐπαγγειλάμενος
1188 1359 1296 1446 ούδείς
1323 1363 1437 1456 ἐτερός
1464 1369 1556 1436 ἐστιν
1586 1359 1609 1453 ἢ
1639 1358 1659 1434 ό

355 1462 564 1554 δημιουργός.
615 1462 841 1556 ἐνδηλότερον
877 1470 912 1536 δὲ
947 1468 1123 1552 ἐπιστῆσαι
1157 1460 1321 1553 βούλομαι
1356 1458 1411 1536 ότι
1442 1463 1589 1555 Χριστός
1622 1467 1659 1535 ἐκ

304 1575 337 1628 10
354 1561 462 1652 νόμου
482 1569 538 1635 καὶ
558 1570 751 1654 προφητῶν
768 1560 1004 1654 κατῆγγελται,
1028 1559 1076 1646 ῶς
1098 1560 1201 1647 αύτός
1223 1557 1243 1633 ό
1265 1563 1381 1656 σωτὴρ
1404 1570 1481 1656 περὶ
1501 1559 1660 1635 Ἰωάννου

322 1683 337 1721 0
355 1669 473 1734 λαλῶν
488 1685 603 1751 φησιν·
626 1654 747 1746 οῦτός
768 1667 854 1734 ἐστι
876 1669 967 1752 περὶ
983 1654 1028 1734 οῦ
1043 1668 1276 1754 γέγραπται·
1298 1663 1398 1750 ίδού,
1421 1661 1659 1737 ἀποστέλλω

354 1761 427 1832 τόν
454 1759 625 1851 ἄγγελόν
649 1788 723 1850 μου
748 1761 825 1851 πρὸ
852 1762 1072 1854 προσώπου
1097 1785 1180 1848 σου,
1208 1755 1250 1846 ῦς
1277 1760 1564 1836 κατασκευάσει
1585 1761 1659 1853 τῆν

354 1854 452 1932 όδόν
477 1885 548 1931 σου
573 1863 802 1952 ἔμπροσθέν
823 1883 901 1934 σου.
944 1861 1072 1951 ταύτης
1094 1855 1156 1933 οῦν
1177 1859 1233 1932 διὰ
1256 1867 1329 1933 τῶν
1349 1869 1545 1954 προφητῶν
1565 1888 1659 1950 γενο-

353 1967 455 2050 μένης
490 1966 551 2050 τῆς
585 1957 795 2050 ὑποσχέσεως
829 1958 918 2032 ῶστε
954 1959 1152 2051 πρόδρομον
1179 1968 1300 2054 κυρίου
1327 1958 1561 2051 ἀποσταλῆναι
1589 1960 1658 2050 πρό

304 2075 336 2128 15
353 2060 543 2151 προσῶπου
572 2056 692 2145 αύτοῦ,
724 2059 787 2133 τόν
818 2058 1044 2150 ἐτοιμάσοντα
1072 2060 1136 2150 τὴν
1167 2056 1250 2134 όδόν
1281 2067 1345 2132 τοῦ
1373 2068 1460 2134 θεοῦ
1488 2058 1657 2150 Ἰοδάννην,

355 2163 465 2247 ἔχουσι
492 2164 595 2246 δείξαι
622 2157 739 2249 ἕτερόν
765 2187 843 2232 τινα
869 2152 911 2232 οῦ
936 2159 1005 2251 πρό
1033 2160 1222 2251 προσῶπου
1252 2164 1380 2244 ἐκεῖνος
1410 2157 1600 2250 άπεστάλη;
1630 2165 1659 2230 εί

354 2259 417 2349 γάρ
439 2257 606 2349 ἐλήλυθεν
628 2258 743 2350 ἐτερός
765 2288 817 2342 τις
837 2259 906 2351 πρό
923 2265 1073 2351 Χριστοῦ
1094 2256 1161 2330 ῦπό
1184 2267 1247 2332 τοῦ
1262 2266 1466 2351 δημιουργοῦ
1479 2266 1657 2350 πεμφθείς,

355 2353 591 2444 δεικνύτωσαν,
614 2364 643 2430 εἰ
665 2363 701 2429 δέ
723 2354 831 2442 ούδείς
853 2360 967 2446 ἐτερος
981 2365 1134 2447 πέφηνεν
1155 2364 1184 2430 εί
1204 2358 1248 2450 μὴ
1270 2356 1408 2449 μόνοςό
1430 2359 1545 2450 κύριος
1561 2356 1658 2450 ἡμῶν

352 2453 476 2548 Ἰησοῦς
491 2455 639 2547 Χριστός
659 2465 715 2528 καὶ
736 2455 804 2546 πρό
826 2458 1017 2550 προσιόπου
1038 2457 1166 2530 τούτου
1186 2455 1349 2548 πάρεστιν
1369 2456 1535 2548 Ἰωάννης,
1558 2487 1658 2548 φανε-

283 2567 341 2625 20f
354 2556 416 2645 ρόν
443 2551 498 2629 ότι
523 2555 604 2630 τότε
630 2549 673 2647 ῆν
698 2562 946 2648 πεπληρωμένη
971 2553 993 2647 ῆ
1020 2586 1107 2631 ποτε
1131 2563 1359 2649 ἐπηγγελμένη
1382 2553 1571 2646 ύπόσχεσις,
1601 2565 1659 2630 καλ

354 2653 492 2740 ούδενός
513 2656 620 2729 ἄλλον
635 2663 721 2730 θεοῦ
742 2661 835 2728 ἐστιν
853 2652 872 2728 ό
887 2657 1036 2745 Χριστός
1057 2653 1080 2747 ἢ
1101 2663 1165 2729 τοῦ
1186 2664 1390 2748 δημωυργοῦ
1412 2665 1517 2745 [θεοῦ]
1540 2649 1581 2729 οῦ
1601 2667 1658 2731 καί

355 2760 387 2829 οἱ
413 2762 588 2847 προφῆται
614 2753 768 2846 ύπῆρχον
792 2762 849 2826 καὶ
875 2750 895 2826 ό
921 2753 1033 2845 νόμος.
1075 2753 1153 2829 όδέ
1174 2754 1365 2839 ἀπόστολος
1387 2753 1460 2846 ούγλ
1481 2766 1658 2848 τηλαυγῶς

353 2860 391 2927 ἐκ
413 2855 522 2947 νόμου
541 2854 696 2947 κηρύσσει
717 2854 781 2928 τόν
803 2852 966 2947 Χριστόν,
992 2862 1102 2946 λέγων
1122 2864 1321 2945 Κορινθίοις
1347 2849 1402 2928 ότι
1427 2860 1464 2929 οἱ
1490 2862 1659 2948 πατέρες

352 2951 464 3046 ἡμῶν
491 2953 642 3040 πάντες
667 2951 744 3028 ῦπό
772 2954 845 3046 τὴν
876 2962 1052 3046 νεφέλην
1082 2949 1194 3045 ἦσαν,
1224 2963 1289 3027 καὶ
1320 2953 1469 3041 πάντες
1500 2957 1563 3029 διὰ
1593 2962 1659 3047 τῆς

301 3065 334 3120 25
352 3051 557 3145 θαλάσσης
572 3061 755 3147 διῆλθον,
777 3062 842 3126 καί
857 3052 1007 3140 πάντες
1021 3061 1077 3139 είς
1099 3055 1171 3129 τόν
1185 3061 1332 3146 Μωσῆν
1354 3060 1658 3145 ἐβαπτίσθησαν

282 3157 333 3214 868
352 3158 394 3225 ἐν
409 3162 457 3244 τῆ
473 3160 618 3242 νεφέλη
632 3161 696 3226 καὶ
711 3159 752 3226 ἐν
768 3162 817 3244 τῇ
836 3161 840 3244 1
859 3152 1055 3243 θαλάσση,
1077 3162 1142 3227 καὶ
1164 3152 1314 3238 πάντες
1334 3154 1379 3227 τό
1402 3150 1499 3228 αύτὸ
1522 3162 1657 3245 βρῶμα

352 3254 627 3342 πνευματικὸν
648 3255 813 3344 ἔφαγον,
836 3260 900 3324 καὶ
915 3251 1065 3340 πάντες
1081 3253 1127 3327 τό
1143 3251 1240 3327 αῦτό
1260 3251 1366 3344 πόμα
1380 3253 1656 3346 πνευματικόν

352 3356 481 3425 ἔπιον·
508 3355 652 3425 ἔπινον
674 3352 745 3443 γὰρ
767 3357 808 3424 ἐκ
829 3361 1103 3445 πνευματικῆς
1125 3351 1429 3446 ἀκολουθούσης
1449 3362 1612 3446 πέτρας·
1635 3349 1655 3445 ἦ

287 3447 290 3454 ’
351 3458 392 3524 δέ
413 3459 540 3540 πέτρα
562 3445 609 3542 ἦν
631 3447 650 3524 ό
673 3449 860 3540 Χριστός;
882 3461 934 3536 τίς
954 3449 1016 3525 οῦκ
1037 3452 1080 3526 av
1098 3451 1279 3544 θαυμάσειε
1294 3453 1358 3544 τῆν
1373 3453 1495 3527 ἄνοιαν
1510 3453 1655 3540 τούτων,

299 3561 333 3616 30
352 3548 660 3641 ἀναγινωσκόντων
680 3558 745 3642 Ιμέν
772 3558 881 3624 ταῦτα
905 3559 962 3624 καὶ
987 3552 1032 3643 μὴ
1061 3560 1262 3639 συνιέντων,·
1292 3554 1352 3625 ἐάν
1378 3561 1415 3625 δέ
1439 3583 1491 3638 τις
1513 3561 1654 3644 παραθῆ

436 3791 464 3862 θ]
483 3791 572 3847 2001.
585 3794 613 3845 1:
625 3792 665 3846 20.
684 3821 717 3829 -
736 3789 860 3860 11-18]
878 3790 928 3844 Mt
941 3791 987 3844 11:
1001 3790 1042 3857 10,
1060 3789 1126 3846 Mal.
1138 3793 1167 3846 3:
1179 3792 1204 3845 1.
1221 3821 1256 3831 -
1274 3789 1399 3860 28-29]
1418 3794 1432 3844 1
1448 3791 1654 3847 cor.10:1—4.

434 4011 449 4066 1
470 4009 531 4064 Ruf.
549 4009 599 4064 hah
615 4009 755 4080 unrichtig
771 4010 922 4064 flbemetzt:
949 4027 981 4064 »a
998 4009 1098 4078 quibus
1114 4009 1257 4078 μενερτίκί
1272 4014 1360 4064 essent
1377 4009 1441 4078 qui«
1457 4010 1462 4078 1
1478 4004 1513 4075 ἃς
1528 4009 1554 4063 d.
1572 4008 1653 4074 HSS„

346 4093 433 4148 nurE
451 4095 501 4148 hat
519 4087 591 4163 812
610 4094 689 4164 τότε]
707 4093 773 4149 τότε
791 4093 860 4148 CDE
877 4094 916 4162 14
934 4101 1032 4165 σαφῶς
1050 4092 1174 4150 διδάσκει
1191 4091 1257 4164 κτλ]
1276 4095 1308 4148 In
1326 4094 1380 4149 don
1390 4096 1494 4165 Ausgg.
1513 4095 1588 4148 steht
1605 4093 1654 4148 das

346 4179 466 4233 Komma
476 4177 554 4233 nicht
562 4180 634 4233 nach
641 4180 698 4242 διά,
711 4177 829 4232 nondam
838 4177 910 4231 nach
921 4173 1031 4250 Ἰσραὴλ
1046 4181 1051 4248 Ι
1068 4180 1103 4234 Ιῦ
1115 4175 1304 4247 ἑτοιμάσσντα
1317 4179 1461 4234 ABGDFH
1471 4178 1527 4233 Ρία
1537 4177 1653 4243 Humfr„

346 4258 538 4332 ἐτοιμάσαντα
556 4263 582 4317 δ.
600 4263 659 4318 ῦίιτ.
683 4265 688 4330 1
712 4263 749 4319 2⁰
766 4262 839 4332 τότε]
857 4269 942 4317 τοῦτο
960 4262 1056 4318 A¹B¹c
1079 4265 1085 4331 Ι
1108 4259 1302 4334 ἐπηγγελμένη
1322 4260 1341 4333 ί]
1357 4281 1428 4319 ποτε
1445 4260 1653 4336 πεπληρωμένη

346 4348 371 4402 d.
389 4347 469 4414 HSS„
492 4345 757 4419 έπηγγειλαμένηΕ
781 4347 785 4414 Ι
810 4347 847 4402 21
871 4348 1045 4418 δημιουργοῦ
1062 4349 1143 4418 θεοῦ]
1168 4349 1329 4402 »creatoris«
1352 4348 1414 4403 Καί.
1450 4346 1600 4403 vielleicht
1616 4347 1653 4401 ist

344 4436 417 4488 θεοῦ
438 4450 491 4486 nur
512 4432 572 4487 eine
593 4431 757 4487 fehlerhafte
774 4429 994 4501 Wiederholung
1011 4431 1059 4486 der
1083 4433 1150 4487 zwei
1167 4433 1271 4489 lotzten
1287 4432 1398 4489 Buchst
1417 4451 1451 4488 ov
1474 4433 1479 4501 Ι
1504 4433 1543 4489 28
1561 4425 1651 4502 ἔτειον]

345 4511 443 4572 ἔπινον
461 4517 547 4572 B1w.
566 4534 588 4572 ε.
601 4517 656 4571 sch.
685 4515 825 4570 Zwisohen
843 4537 853 4570 ι
870 4533 896 4570 u.
915 4535 931 4570 ν
948 4516 986 4570 ist
1003 4515 1048 4570 ein
1061 4517 1171 4571 Buchst.
1189 4517 1292 4572 radiert
1306 4519 1310 4585 1
1326 4511 1423 4572 ἔπινον
1442 4513 1508 4588 γάρ]
1527 4509 1609 4571 ἐπιον
1626 4534 1652 4585 γ.

345 4600 369 4654 D
384 4601 389 4669 l
405 4601 441 4656 29
454 4600 612 4669 θαυμάσειε
626 4601 750 4667 CDEFH,
771 4600 953 4654 »admiretur«
967 4601 1031 4665 Pio„
1050 4600 1193 4672 θαυμάσει
1205 4602 1232 4656 δ.
1243 4601 1303 4655 flbr.
1318 4601 1323 4668 1
1338 4601 1378 4656 θθ
1390 4597 1441 4656 ἐὰν
1454 4597 1485 4655 δέ
1495 4599 1546 4671 τις]
1561 4599 1654 4666 »Quid

344 4701 409 4738 ιιενο
426 4685 467 4737 si·
488 4685 557 4751 Rufi,
578 4686 669 4750 »Quid
684 4685 713 4738 si
728 4685 805 4753 quis«
826 4684 881 4738 Pie.
917 4685 991 4740 Μαεε
1009 4703 1074 4740 man
1090 4685 1178 4741 lesen:
1199 4687 1232 4741 Τί
1248 4683 1279 4742 δέ
1296 4682 1346 4742 ἐάν
1363 4685 1424 4751 uc?
