3744 5528
336 472 398 538 236
894 466 1083 522 Adamantius.
1230 466 1272 521 Ds
1288 464 1317 520 la
1333 465 1392 520 Rue
1409 465 1435 519 V
1451 465 1642 523 8666-8716.

337 638 388 721 τῷ
412 635 448 700 δὲ
476 635 537 718 τῆς
564 625 726 720 ἁμαρτίας
747 624 768 719 ἡ
790 628 886 717 σάρξ,
914 626 1128 720 ἠλευθέρωσε
1151 634 1187 700 δὲ
1207 623 1294 718 ἡμᾶς
1316 633 1353 700 ἐν
1375 636 1514 719 Χριστῷ
1537 625 1641 720 Ἰησοῦ

337 725 357 802 6
379 737 443 800 τοῦ
464 728 656 819 πνεύματος
677 735 739 818 τῆς
761 735 851 819 ζωῆς
872 725 976 819 νόμος
1001 725 1070 801 ἀπὸ
1097 735 1161 800 τοῦ
1188 725 1295 818 νόμου
1318 735 1380 818 τῆς
1401 725 1565 818 ἁμαρτίας
1586 739 1641 801 καὶ

336 836 401 902 τοῦ
421 827 592 913 θανάτου,
620 836 727 920 δῆλον
753 821 808 900 ὅτι
833 827 876 900 τὸ
898 834 1061 901 δουλεῦον
1082 834 1133 918 τῷ
1161 835 1223 918 τῆς
1245 825 1407 918 ύμαρτίος
1429 824 1524 917 νόμῳ
1546 825 1640 918 η’λευ-

336 925 534 1019 θέρωσεν’
514 926 581 1000 απὸ
603 935 665 1051 τῆς
686 924 857 1019 ἁμαρτίας.
893 926 1046 1001 ἐδούλευε
1069 934 1105 999 δὲ
1126 934 1177 1018 τῷ
1194 933 1255 1018 τῆς
1275 923 1440 1017 ἁμαρτίας
1461 923 1556 1018 νόμω
1579 925 1641 1017 οῦχ

301 1023 357 1100 56
382 1034 478 1110 νοῦς,
506 1024 578 1100 ἄλλ’
606 1025 743 1117 ῆσύρξ.
786 1024 1019 1150 η’λευθέρωται
1045 1019 1107 1099 οῦν
1134 1023 1202 1099 ἀπὸ
1232 1033 1295 1098 τοῦ
1320 1023 1525 1098 θανάτου“
1504 1055 1525 1117 η
1551 1024 1640 1114 σύρξ

336 1134 412 1211 πῶς
439 1118 500 1200 οῦν
522 1126 666 1214 σώζεται
692 1126 733 1199 τὸ
756 1135 807 1218 τῷ
830 1124 925 1218 νόμῳ
948 1135 1009 1218 τῆς
1032 1133 1096 1199 τοῦ
1116 1124 1307 1212 πνεύματος
1331 1132 1420 1215 ζωῆς
1440 1129 1478 1197 ἐν
1502 1134 1639 1217 Χριστῷ

303 1221 405 1298 εδπό
428 1233 492 1298 τοῦ
512 1222 669 1300 θανάτου
689 1200 937 1350 ἐλευίίερωδέν,
964 1223 1068 1308 αύτδς
1090 1231 1230 1315 λεγέτω,
1258 1226 1323 1313 ἐγώ
1352 1223 1414 1313 γὰρ
1440 1229 1503 1297 ἐπὶ
1521 1238 1639 1297 πλεῖον

335 1329 483 1414 ἐλέγχων
504 1326 571 1417 τὴν
592 1325 731 1398 τούτων
752 1323 968 1399 ἀπαιδευσίαν
991 1331 1153 1414 αἰδοῦμαι.

418 1433 479 1495 ΕΓ
482 1434 540 1497 ΤΡ.
574 1425 775 1515 Συλλήβδην
790 1421 958 1498 ἁπάντων
973 1424 1117 1513 φαύλων
1132 1430 1224 1496 αἰτία
1238 1431 1368 1511 γίνεται
1390 1420 1411 1514 ἡ
1432 1421 1638 1498 ἀπαιδευσία

284 1517 355 1614 1οᾗ
378 1523 611 1614 συμπεφύκασι
632 1535 687 1597 καὶ
708 1523 926 1616 συνὴνδησαν
949 1532 1127 1614 Μεγέθιος,
1152 1519 1330 1613 Δρσσέριός
1352 1530 1467 1594 τεκαὶ
1490 1531 1637 1615 Μᾶρκος,

243 1621 468 1758 8666Ούάλης
495 1631 551 1695 καί
578 1631 742 1716 Μαρῑνος,
769 1629 993 1714 ἐκτραπέντες
1019 1630 1081 1714 τῆς
1107 1619 1241 1704 εύδείας
1268 1629 1325 1694 καί
1352 1629 1415 1694 τοῦ
1441 1618 1638 1710 ῦρδοτύτου

240 1769 316 1826 8711)
301 1717 503 1846 Θδείγματος
527 1727 626 1811 [Εὔτρ.
648 1737 700 1810 τῆς
721 1731 873 1848 ἐκκλησίας
894 1730 1031 1812 γενέσθαι
1052 1727 1217 1809 εὐχόμενος]
1240 1728 1501 1811 λεξιθηροῦντες
1519 1723 1638 1807 τάςκ
1602 1728 1638 1795 ἐκ

335 1831 409 1895 τῶν
431 1831 575 1913 γραφῶν
589 1822 699 1914 ῥήσεις
719 1820 811 1894 καί’
790 1823 1066 1946 αγκιστρεύοντες
1080 1821 1167 1914 πρὸς
1182 1821 1246 1911 τὴν
1266 1822 1398 1894 ἑαυτῶν
1414 1819 1517 1894 νόσον
1530 1832 1637 1896 τεκαὶ

335 1919 523 2012 πρόληψιν,
551 1925 597 2006 είς
619 1919 794 2012 βάραθρον
818 1929 874 1994 καὶ
901 1917 1160 2005 ύκανδώδεις’
1140 1920 1314 2012 ατραποῦς
1339 1926 1546 2008 βαδίζοντες,
1574 1923 1639 2045 τίγν

284 2033 316 2085 15
335 2018 589 2095 έπευθύνουσαν
600 2029 646 2104 είς
657 2052 738 2106 τους
748 2051 914 2114 ουρονους
927 2017 1010 2095 οδον
1019 2014 1359 2110 <καταλείψαντες>
1340 2050 1379 2111 ης
1387 2018 1638 2113 υπερασπιστης

333 2119 489 2210 τυγχάνει
516 2127 673 2209 [τοῦτοδὲ
699 2128 730 2190 ἐν
756 2137 818 2202 τοῖς
839 2125 932 2192 ὀπίσω
954 2124 1003 2190 διδ
1025 2133 1138 2209 μακροῦ
1158 2123 1213 2208 τὴν
1235 2127 1367 2190 ἐπίλυσιν
1387 2128 1450 2208 ἔχει.
1486 2125 1522 2190 σύ
1544 2127 1622 2191 δί’
1598 2155 1638 2203 ως

418 2258 437 2314 5
455 2255 513 2314 ἀπὸ
531 2266 584 2314 τοῦ
600 2257 739 2328 θανάτου]
759 2277 792 2314 »ο
810 2259 863 2328 leae
877 2261 998 2328 peccati«
1012 2259 1067 2315 Pis.
1083 2261 1088 2328 1
1104 2259 1143 2316 10
1162 2257 1350 2328 συνὴνίίησαν]
1371 2255 1545 2328 συνηύξησαν
1563 2260 1637 2328 sun

333 2343 400 2412 mg.)
413 2341 441 2410 Ο,
461 2348 628 2397 »oraverunt«
647 2343 761 2410 Humfr„
781 2344 962 2412 εβοιτιιεοιια
982 2343 1038 2399 Pia
1053 2346 1058 2412 1
1074 2344 1111 2400 11
1131 2343 1206 2398 Rufi:
1227 2342 1356 2404 Marinus,
1374 2341 1485 2410 Valens,
1502 2343 1610 2398 Marcus
1632 2345 1636 2412 Ι

335 2426 373 2483 12
392 2428 424 2481 In
442 2427 469 2481 d.
486 2427 557 2482 Hss.
574 2445 600 2482 u.
618 2431 722 2498 Ausgg.
740 2428 834 2499 fulgen
856 2431 929 2484 uach
952 2429 1124 2500 »δόγματοςπ
1148 2427 1194 2483 dis
1211 2427 1304 2484 Seitsn
1320 2429 1391 2484 8660
1408 2427 1478 2482 ποία
1495 2425 1552 2498 γὰρ
1570 2424 1635 2484 ἀκο·

334 2512 437 2567 λουθίο
450 2541 482 2551 -
494 2511 570 2568 871ί)
588 2509 730 2581 ἐτύφλωσε
747 2510 781 2568 vu
800 2515 929 2583 νοήματα
947 2519 1004 2568 τῶν
1022 2510 1161 2576 ἀπίστων,
1183 2513 1288 2568 welche
1308 2512 1355 2568 ich
1374 2529 1410 2566 an
1428 2511 1474 2566 die
1491 2511 1576 2567 Stelle
1593 2530 1636 2568 wo

334 2595 373 2651 sis
391 2596 568 2666 hingshtiran,
586 2597 666 2663 8320,
685 2597 907 2653 aurfiukversstzt
923 2596 1003 2652 habs.
1033 2595 1499 2664 s.uunm.z.83201suinl.§9.
1527 2597 1637 2668 Infolga

333 2680 382 2735 der
395 2679 572 2751 Verwinuug
589 2681 677 2736 dieser
689 2681 781 2736 Seitsn
797 2699 855 2734 war
872 2681 1122 2736 natfirlishsrweiss
1134 2681 1182 2736 der
1194 2681 1431 2750 Zusammsnhaug
1441 2681 1512 2736 866e
1524 2699 1550 2735 u
1562 2681 1636 2738 8716

334 2764 461 2834 ganzlich
480 2768 602 2822 πετείδτί.
636 2765 688 2820 Die
705 2767 776 2820 erate
793 2764 877 2819 Stella
894 2765 986 2820 haben
1002 2764 1047 2820 die
1064 2765 1246 2821 Absahreibsr
1262 2766 1413 2821 unbsrfihrt
1430 2763 1567 2835 gelasssm
1589 2784 1635 2820 um

333 2851 408 2906 871b
432 2850 495 2904 dam
517 2838 687 2906 Ubelstanda
709 2849 885 2917 abzuhslfen,
911 2849 1099 2920 intsrpolierta
1122 2849 1166 2904 sin
1189 2849 1269 2904 Leser
1295 2849 1360 2904 odor
1381 2849 1565 2904 Absshreibsr
1590 2867 1640 2905 vor

333 2938 549 3007 λεξιίίηροῦντες
575 2935 629 2990 dun
652 2934 759 2989 Numen
782 2934 929 3005 Eutropius
952 2933 1009 2988 und
1034 2934 1113 3004 fflgta
1135 2934 1230 2988 hinsu:
1261 2939 1311 3002 τῆς
1336 2930 1483 3002 ἐκκλησίας
1505 2933 1640 3005 γενέσθαι

333 3016 501 3090 εὐχόμενος,
524 3037 581 3074 was
603 3036 632 3074 er
653 3018 886 3090 danufolgsndan
910 3025 960 3088 »τῇ
984 3022 1126 3088 καθολικῇ
1147 3014 1292 3093 ἐκκλησίᾳ,
1317 3015 1349 3089 ἧς
1369 3015 1465 3088 κάγώ,
1487 3016 1568 3085 ξένος
1590 3011 1639 3085 ὤν,

332 3098 453 3176 εὔχομαι
470 3101 605 3174 γενέσθαι
621 3101 736 3160 τέκνον«
757 3103 896 3158 antuahm.
925 3103 977 3158 Die
988 3120 1075 3174 ganas
1086 3103 1172 3160 sulla
1189 3102 1267 3160 8716
1284 3103 1374 3157 lautet
1384 3103 1415 3158 in
1426 3120 1543 3158 unssrsn
1553 3103 1638 3160 Essa

332 3186 363 3245 έν
387 3181 441 3255 οίς,
460 3190 556 3258 φησίν,
580 3185 684 3253 δθεδς
705 3195 758 3244 τοῦ
781 3185 884 3254 αἰῶνος
905 3186 1021 3256 τούτουῖ,
1048 3184 1190 3258 ἐτύφλωσε
1213 3185 1248 3244 τὰ
1272 3189 1402 3257 νοήματα
1425 3194 1483 3242 τῶν
1506 3184 1640 3244 ἀπίστων.

332 3271 500 3344 Είιτρδπιυς,
518 3277 567 3341 τῆς
584 3267 732 3341 ἐκκλησίας
748 3269 885 3342 γενέσθαι
903 3269 1069 3342 εὐχόμενος·
1095 3275 1311 3343 λεξιθηροῦντες
1328 3269 1380 3337 τὰς
1397 3267 1430 3327 έκ
1447 3278 1504 3328 τῶν
1521 3279 1641 3344 γραφῶν

332 3355 428 3430 ῥήσεις
451 3351 508 3413 mk.
543 3357 578 3411 So
607 3355 714 3410 schrieb
742 3355 790 3410 δεε
816 3356 890 3411 Voss.
918 3355 1015 3425 gewiss
1044 3355 1129 3410 nicht„
1165 3355 1257 3410 Wenn
1285 3356 1336 3411 wir
1365 3357 1437 3411 nauh
1467 3356 1515 3411 dar
1543 3357 1640 3412 Trans·

332 3442 453 3513 position
479 3442 527 3495 der
549 3440 640 3495 Seitsn
662 3441 845 3511 8662e-8716
871 3440 915 3494 dis
941 3441 1147 3512 interpolisrtsn
1171 3440 1268 3495 Worse
1294 3437 1392 3511 »Εύτρ
1414 3445 1465 3510 τῆς
1486 3437 1560 3497 έκκλ.
1583 3460 1641 3512 γευ.

333 3523 445 3596 εὐχομ.«
466 3525 610 3592 είτείολεεο,
626 3525 665 3579 λεί
680 3525 730 3580 der
746 3524 954 3595 ursprflngliohe
966 3526 1205 3595 Zusammsnhang
1216 3525 1499 3596 wiederhsrgsstelltl
1515 3526 1553 3582 12
1572 3529 1641 3593 λεξι·

332 3614 489 3684 θηροῦντες
506 3607 561 3682 γὰρ
580 3611 652 3664 A¹B¹
671 3611 675 3677 Ι
701 3610 740 3666 la
759 3606 993 3681 ἀγγιστρεῦοντες
1010 3609 1155 3664 sonum
1179 3608 1184 3679 Ι
1210 3610 1298 3666 14111
1317 3609 1343 3664 d.
1361 3611 1464 3681 Ausgg.
1482 3607 1639 3684 ἀτραπούς·

331 3695 496 3768 βαδίζοντες
512 3695 563 3763 τὴν
580 3691 792 3750 έπευθύνονσαυ
809 3690 866 3750 κτλ.
895 3693 977 3748 Disss
990 3693 1198 3766 Interpunahiou
1215 3694 1310 3750 mauht
1327 3694 1392 3749 aber
1409 3695 1454 3748 die
1466 3693 1643 3765 λευκίππους

333 3780 406 3835 uoah
423 3785 537 3849 grbsaer.
572 3777 635 3832 Wie
659 3778 697 3832 ist
713 3795 742 3832 οε
759 3778 893 3848 mbglish,
921 3777 983 3832 dass
1001 3777 1050 3833 δεε
1067 3778 1141 3833 Vsrf.
1159 3795 1214 3834 von
1232 3777 1397 3832 Hfiretikern
1414 3779 1544 3834 schreibt:
1566 3781 1640 3852 βαδί-

333 3867 430 3932 ζοντες
446 3864 498 3932 τὴν
516 3859 728 3919 ἐπευθύνουσαν
746 3859 787 3928 είς
803 3860 869 3928 τοὺς
888 3859 1027 3935 οὐρανοὺς
1045 3859 1134 3918 δδδνλ
1162 3863 1218 3918 Das
1230 3863 1306 3933 Ptup.
1324 3862 1487 3934 βαδίζοντες
1498 3865 1597 3934 gehbrt
1608 3882 1641 3919 zu

334 3943 512 4012 ἀκανθώδεις
529 3943 682 4016 ἀτραποὺς,
700 3947 757 4001 und
775 3943 842 4002 ὁδὸν
861 3947 899 4002 iss
916 3947 1060 4018 abhaugig
1071 3965 1125 4003 von
1138 3947 1226 4002 einsm
1239 3947 1324 4018 Ptcp„
1343 3947 1393 4001 das
1410 3947 1582 4018 anagefalleu
1598 3949 1642 4003 ist.

332 4033 380 4087 Ich
400 4032 472 4087 habs
489 4031 717 4102 καταλείψαυτες
733 4033 872 4096 versuum,
897 4031 953 4103 vgl.
971 4033 1072 4089 2Pstr.
1084 4034 1112 4086 2:
1125 4035 1167 4099 15,
1184 4033 1242 4086 und
1259 4032 1321 4087 Rus.
1341 4033 1486 4086 »derelicta
1502 4034 1573 4087 cia«.
1603 4034 1642 4089 St.

332 4116 495 4188 βαδίζοντες
511 4117 605 4171 haben
622 4117 706 4172 A²FH
725 4116 853 4190 βαδίζετε
868 4118 872 4184 1
890 4117 928 4173 16
946 4114 1093 4188 τυγχάνεις
1111 4115 1221 4172 δΗΒΒ.
1237 4116 1241 4185 Ι
1257 4110 1331 4187 ἐχειν
1348 4116 1420 4172 BDE
1435 4117 1440 4185 Ι
1457 4118 1534 4173 166.
1551 4125 1641 4174 ταῦτα

333 4199 364 4257 δέ
375 4231 408 4240 -
421 4197 516 4270 ἀληθῆ
534 4199 637 4270 πίστιν]
655 4201 737 4256 Dissa
754 4218 842 4272 ganza
853 4201 939 4258 Stalls
957 4201 994 4255 ist
1010 4202 1091 4255 untur
1106 4201 1161 4256 den
1176 4199 1295 4256 Ηδοδεο
1313 4201 1361 4256 der
1377 4201 1562 4257 Absshrsiber
1577 4202 1644 4256 ubel

333 4285 567 4356 weggskommsn.
597 4285 658 4339 wir
679 4285 769 4341 lesen:
791 4282 824 4356 ἧς
839 4280 1048 4358 ὑπερασπιστὴς
1068 4283 1217 4361 τυγχάνεις
1235 4285 1293 4340 und
1310 4285 1407 4340 wisssn
1424 4285 1503 4341 nieht
1520 4303 1576 4342 was
1594 4287 1643 4342 das

333 4369 445 4440 Subjeut
463 4369 550 4424 diosas
568 4369 704 4425 Vsrbums
721 4369 769 4434 ἱείς
796 4365 1006 4442 ὑπερασπιστὴς
1028 4375 1078 4438 τῆς
1095 4367 1136 4435 είς
1153 4367 1205 4426 τδν
1223 4367 1347 4442 οὐρανὸν
1366 4367 1434 4426 ὁδοῦ
1450 4369 1487 4424 ist
1503 4371 1643 4426 Adaman-

334 4455 396 4521 tius,
415 4455 482 4508 aber
493 4453 675 4512 Adamantius
693 4454 762 4510 wird
778 4455 837 4509 hier
854 4454 932 4510 nicht
950 4454 1108 4525 angeradat.
1133 4455 1227 4511 Ταῦτα
1245 4453 1275 4510 6
1287 4449 1344 4511 κτέ.
1356 4453 1393 4510 ist
1404 4456 1640 4518 unverstandli063

333 4555 389 4593 war
400 4538 452 4593 mit
464 4536 497 4593 ού
510 4538 540 4594 δὲ
557 4532 598 4604 ίυς
614 4534 777 4608 ἐπιλησίλείς
789 4539 939 4610 angeredes
949 4538 1026 4606 vird,
1043 4539 1080 4594 ist
1091 4540 1203 4605 unklar;
1220 4557 1278 4594 was
1295 4539 1346 4592 wir
1362 4539 1392 4592 in
1405 4538 1458 4594 dan
1469 4542 1575 4610 Ausgg.
1586 4541 1643 4596 und

332 4623 362 4676 iu
380 4621 406 4676 d.
424 4623 540 4678 meistan
558 4623 629 4678 Hss.
647 4623 724 4679 lesen
744 4623 858 4695 »καιρδς
875 4618 1040 4695 ἐχειίπέρας
1058 4621 1200 4680 ἐπιθεῖναι
1219 4630 1261 4698 τῷ
1279 4623 1355 4698 λόγῳ
1378 4620 1395 4678 δ
1416 4625 1466 4679 καὶ
1487 4619 1553 4694 ὑμῖν
1575 4619 1642 4681 ῦπα-
