3744 5528
215 522 327 592 creperi
344 521 369 577 V
387 537 410 576 o
427 523 469 579 23.
486 523 528 577 24.
808 520 917 594 Dielog.
1456 531 1516 594 227

214 697 382 756 seminatur
400 696 437 755 ire
456 695 641 766 mummetir,
667 696 765 772 sumit
783 695 818 756 tre
836 695 946 773 olomu3
971 697 1137 756 emetiatur
1155 698 1192 757 m
1211 696 1396 774 infimitate,
1422 697 1520 775 smyr‘t

214 796 249 856 in
278 794 399 866 mmmm
429 795 595 855 ominetur
623 812 732 872 eorpus
761 795 899 870 animate,
929 797 1027 873 euryit
1051 815 1158 874 corpus
1182 796 1321 874 spiritale
1355 791 1398 858 ut
1423 793 1518 876 paulo

214 894 288 973 post
307 889 423 954 iterum
445 889 533 956 dieit:
555 896 628 956 Eece
648 895 826 972 mysterium
839 895 925 955 uobis
945 896 1018 956 dieo.
1052 895 1162 957 Omnes
1182 895 1302 973 quidem
1320 914 1519 974 rememores,

214 1012 277 1054 ooo
298 1011 402 1053 onmes
422 999 522 1053 aretem
542 993 778 1055 immutabimur.
812 993 851 1054 In
871 1001 1027 1069 merneolo,
1048 996 1084 1056 to
1103 996 1165 1056 iem
1186 995 1273 1071 omli,
1294 996 1330 1056 m
1349 996 1521 1056 montesium

181 1098 198 1152 5
216 1093 293 1154 terta.
324 1087 416 1153 Gemit
429 1093 512 1154 mun
532 1092 611 1167 tuto,
633 1098 660 1152 et
672 1094 786 1154 mortui
804 1095 1143 1172 reeurymtimommti,
1164 1101 1191 1156 et
1202 1114 1262 1156 reos
1281 1095 1520 1157 immutabimur.

215 1194 336 1254 Neoeeee
365 1199 408 1253 est
435 1193 517 1253 mim
546 1192 733 1270 corruptrtr'te
761 1192 815 1254 too
844 1194 967 1254 induere
995 1194 1233 1272 mommmtelum,
1263 1200 1290 1256 ot
1317 1195 1441 1256 mortulo
1468 1195 1522 1255 hoo

215 1293 337 1354 induere
358 1293 618 1353 inmortalitatem
1212 1297 1214 1302 ’
1451 1280 1452 1284 ’

300 1612 325 1656 e.
346 1589 481 1660 XXIV.
508 1595 587 1655 Mar.
606 1595 646 1656 d:
667 1587 727 1656 His
749 1611 831 1675 quse
854 1589 963 1676 legisti
982 1613 1048 1657 non
1071 1593 1133 1657 hoe
1154 1612 1267 1676 eorpus
1286 1589 1401 1656 dieitur
1421 1612 1523 1656 resur·

218 1708 300 1774 gere,
325 1692 381 1754 sed
403 1689 489 1755 eliud
509 1711 567 1773 pro
588 1690 657 1770 hoo,
684 1712 722 1754 ex
743 1712 780 1756 eo
807 1693 893 1774 quod
914 1690 1003 1757 dicit:
1028 1696 1112 1756 Deus
1137 1701 1238 1756 auom
1262 1696 1312 1756 dot
1335 1695 1383 1755 mr
1406 1713 1522 1772 eorpus,

167 1795 201 1850 10
213 1797 304 1872 prout
324 1793 399 1854 om.

301 1895 356 1953 Ad.
383 1893 424 1954 d:
461 1887 601 1954 Granum
630 1888 788 1966 frumenti,
823 1911 896 1954 oum
923 1890 1082 1973 sepultum
1111 1889 1207 1954 fiderit
1234 1890 1267 1954 in
1294 1892 1386 1972 terre,
1421 1912 1524 1956 nonne

218 1989 412 2054 frumentum
438 1989 541 2073 surgit
567 1991 685 2054 exeo?
715 1987 765 2052 Its
786 1989 942 2069 ethome,
967 1994 1068 2055 terroe
1092 1992 1269 2072 mandatus,
1298 1991 1393 2055 homo
1417 2011 1525 2054 rursus

218 2093 368 2173 resurget,
389 2111 453 2154 non
474 2087 554 2152 nlius
577 2086 715 2168 effeetus,
737 2091 911 2154 seeundum
931 2111 1043 2155 uocem
1063 2090 1199 2173 apostoli
1221 2089 1369 2155 dicentis:
1395 2095 1436 2155 Et
1455 2093 1526 2154 mri-

218 2193 323 2271 em'que
344 2193 495 2252 semiermes
510 2193 673 2270 proprium
692 2211 808 2270 eorpus.

168 2298 201 2352 15
301 2293 389 2352 Errtr.
409 2291 449 2352 d:
475 2284 589 2372 Neque
609 2287 865 2370 interpretatione
890 2287 1034 2371 indigent
1058 2287 1131 2367 iste,
1156 2288 1202 2352 its
1221 2289 1387 2354 manifeste
1408 2290 1527 2372 absque

218 2385 285 2450 ulls
315 2385 521 2470 ambiguitate
552 2387 591 2451 sb
626 2385 769 2470 apostolo
804 2385 889 2451 dieta
920 2391 1001 2452 sunt
1035 2385 1149 2471 Neque
1181 2387 1265 2452 enim
1294 2387 1445 2471 possibile
1480 2391 1528 2454 est

219 2486 357 2550 enimam
384 2485 509 2569 sepeliri
533 2487 568 2550 in
592 2489 715 2566 terram,
742 2507 823 2569 quae
846 2485 1036 2550 immortalis
1057 2508 1124 2551 esse
1146 2487 1185 2551 ab
1207 2489 1342 2571 utroque
1362 2488 1527 2553 definitum

221 2590 275 2650 est.
312 2584 375 2650 Sed
404 2589 524 2650 eertum
551 2588 599 2649 est
634 2585 709 2668 quis
738 2607 851 2670 eorpus
883 2589 930 2650 est
959 2589 1045 2668 quod
1075 2587 1109 2650 in
1137 2589 1253 2651 terrem
1283 2585 1347 2670 (iu)
1379 2587 1529 2652 frumenti

219 2689 349 2751 modurn
370 2685 519 2750 seminari
539 2683 693 2765 uidemus,
714 2688 752 2750 de
774 2707 837 2770 quo
859 2683 949 2750 dicit:
973 2689 1017 2749 m
1037 2690 1120 2768 quod
1140 2690 1281 2766 eminas,
1302 2709 1366 2751 mou
1385 2691 1527 2768 uirilius·

168 2790 203 2846 20
220 2795 279 2864 tur,
309 2790 373 2850 miei
393 2790 486 2867 prius
511 2790 667 2850 moriatur.
704 2784 787 2861 Quid
813 2804 887 2868 ergo
913 2786 1066 2867 estquod
1093 2784 1265 2850 seminetur
1287 2788 1319 2850 et
1338 2787 1474 2850 iactetur
1493 2785 1528 2850 in

219 2889 302 2950 terra
322 2885 384 2950 nisi
405 2887 539 2968 eorpus?

301 2991 377 3051 Mor.
398 2989 437 3048 d:
467 2981 530 3048 Sed
555 2982 629 3047 uide
657 2983 732 3066 quie
757 2983 849 3049 dixit:
874 2987 945 3048 Nou
970 3006 1077 3066 comm
1101 2989 1181 3065 quod
1205 2989 1348 3066 smmum
1373 2994 1416 3049 est
1440 2989 1528 3050 remi-

218 3096 318 3164 rmtor,
342 3089 393 3148 sed
414 3087 533 3148 umdmn
551 3105 684 3163 granum
703 3088 859 3162 fmmmtr'.

302 3188 358 3248 Ad.
375 3187 415 3248 d:
439 3181 528 3248 Siout
547 3182 698 3246 frumenti
712 3185 840 3262 ,nudum
862 3201 995 3268 granum
1016 3183 1195 3262 seminetur,
1217 3181 1268 3248 dei
1289 3187 1395 3248 autem
1416 3182 1529 3248 uolun-

168 3284 202 3340 25
219 3287 283 3348 tete
299 3287 329 3347 et
344 3282 462 3346 uirtute
477 3299 648 3364 exsurgens
663 3284 807 3363 deterre,
828 3303 893 3347 non
912 3286 1033 3348 nudum
1047 3280 1099 3347 uel
1114 3281 1236 3346 aridum
1258 3304 1364 3348 rursus
1380 3284 1543 3369 exsurgit*

219 3385 283 3462 sed,
319 3384 458 3446 assumta
486 3379 648 3446 uiriditete
678 3381 784 3462 eulmi,
818 3388 986 3448 uomentes
1017 3385 1146 3448 deeoras
1177 3380 1259 3466 gerit
1294 3403 1408 3463 eomes,
1444 3384 1529 3466 qnod

219 3485 326 3546 temen
348 3481 466 3546 laetum
488 3480 591 3545 reddit
610 3481 786 3546 indumenti
807 3483 941 3562 nouitas,
962 3503 1026 3547 non
1046 3484 1178 3546 neturee
1202 3481 1345 3561 mutatio,
1371 3481 1530 3565 quianon

221 3581 308 3646 eliud
336 3584 384 3646 est
411 3602 507 3664 quem
532 3600 666 3664 granum
691 3580 842 3646 frumenti
867 3583 953 3648 istud
980 3584 1065 3666 quod
1086 3580 1221 3645 surrexit
1245 3579 1280 3644 in
1301 3579 1454 3647 eulmum:
1484 3581 1530 3645 its

215 3684 253 3762 et
272 3681 378 3761 homo,
400 3701 473 3744 oum
494 3683 595 3766 terroe
615 3679 758 3762 traditur,
780 3685 811 3745 et
827 3685 952 3765 tempus
973 3679 1210 3747 resurrectionis
1225 3681 1396 3759 aduenerit,
1416 3680 1529 3746 uolun-

170 3786 204 3842 30
220 3784 284 3845 tete
315 3779 364 3844 dei
397 3783 429 3843 et
457 3779 575 3844 uirtute
606 3800 771 3864 resurgens
802 3803 821 3844 a
849 3778 992 3860 mortuis,
1027 3779 1173 3845 assumtis
1203 3801 1310 3844 seeum
1339 3779 1529 3846 indumentis

221 3879 341 3964 gloriae
370 3878 615 3962 incorruptionis
650 3882 682 3944 et
709 3878 969 3960 immortulitatis,
1004 3882 1147 3962 resurget
1182 3881 1354 3944 seeundum
1384 3881 1469 3964 quod
1498 3884 1529 3946 et

220 3978 385 4062 spostolus
416 3978 504 4044 dicit:
534 3983 655 4043 Nemore
685 3989 736 4055 eet,
764 3983 952 4061 smmptrtrite
980 3983 1033 4044 too
1061 3983 1184 4044 induere
1217 3983 1470 4060 irmormotiomm
1503 3989 1530 4045 et

220 4083 342 4142 morteto
363 4083 417 4142 too
436 4082 558 4142 iuduere
578 4083 838 4144 immortalitatem

306 4431 324 4485 3
342 4429 523 4501 resurgemus]
541 4431 602 4486 Rus.
615 4429 715 4485 driiokt
733 4430 777 4487 die
789 4431 886 4487 Lesert
897 4427 1119 4500 ἀναστησόμεθα
1132 4443 1180 4484 uus
1195 4429 1199 4498 Ι
1216 4429 1253 4486 lt
1273 4429 1311 4484 St
1326 4444 1409 4498 quern
1419 4427 1528 4485 immor·

221 4513 309 4570 telem
331 4531 389 4570 esse
410 4517 413 4583 Ι
436 4513 487 4586 17,
502 4513 540 4570 18
562 4515 592 4568 in
608 4515 699 4570 terre?
717 4517 785 4569 —B
800 4515 804 4584 Ι
821 4515 857 4572 18
877 4515 939 4568 ›In‹
961 4513 1032 4568 fehlt
1048 4512 1087 4568 im
1105 4512 1171 4569 θοὰ.
1208 4511 1355 4568 Entweder
1372 4531 1445 4569 muse
1469 4514 1528 4570 »in-

223 4599 394 4669 ensgefsllen
417 4599 487 4667 sein,
510 4599 576 4654 oder
597 4617 663 4654 men
683 4600 734 4654 het
756 4599 868 4656 »modo«
892 4601 925 4654 st.
946 4597 1087 4653 »modum«
1110 4615 1144 4654 ru
1168 4598 1244 4654 lesen
1266 4598 1271 4667 1
1295 4598 1335 4654 m
1358 4597 1439 4670 gerit]
1463 4598 1528 4656 Ood.

223 4683 338 4754 egerint,
357 4683 469 4754 Cespori
490 4684 589 4754 »egit«.
607 4713 640 4723 -
653 4684 684 4738 B.

1263 4765 1317 4820 15*
