3744 5524
335 474 393 537 102
889 470 1078 526 Adamantius.
1224 469 1265 524 De
1281 470 1311 524 la
1327 467 1386 523 Rue
1403 468 1429 522 II
1445 469 1634 526 seed-8696

332 625 445 701 πόθεν
469 629 532 724 γάρ
559 635 656 722 ἔσχον
683 627 854 724 τὸόνομα
877 639 941 706 τοῦ
967 629 1128 723 οὐρανοῦ·
1153 628 1176 722 ἢ
1202 638 1307 723 δῆλον
1332 629 1402 704 άπό
1429 637 1492 704 τοῦ
1513 628 1634 722 νόμου;

333 725 428 803 οῦτοι
443 731 506 823 γὰρ
521 738 621 821 λέγει·
643 730 828 804 ἐκάλεσεν
849 727 869 805 6
891 731 985 816 θεὸς
1003 731 1049 805 τό
1072 739 1275 824 στερέωμα
1297 728 1481 823 οῦρανόν.
1517 729 1634 804 σκόπει

333 837 369 902 δὲ
389 837 446 902 καὶ
460 838 565 904 τοῦτο
580 830 622 904 τό
638 830 751 919 άσεβὲς
765 832 929 924 τόλμημα,
951 839 1028 917 πῶς
1050 830 1286 923 παρεχάραξαν
1308 832 1373 922 τὴν
1391 828 1535 924 γραφήν.
1569 831 1634 921 τὴν

333 929 396 1023 γὰρ
409 929 498 1003 κατὰ
513 928 619 1019 σάρκα
639 938 879 1022 γέννησιντοῦ
899 938 1051 1025 Χριστοῦ
1069 929 1200 1005 ἀνελεῖν
1214 930 1422 1022 βουλόμενοι,
1445 930 1633 1021 ἐνήλλαξεν

298 1028 387 1102 5τό·
418 1026 438 1104 6
469 1029 659 1123 δεῦτερος
684 1031 902 1125 ἄνθρωπος
927 1040 983 1104 καὶ
1009 1035 1183 1123 ἐποίησαν·
1214 1027 1455 1123 όδεῦτερος,
1478 1029 1631 1122 κύριος,

332 1126 395 1202 οῦκ
416 1128 547 1214 ἰδόντες
567 1128 622 1203 ότι
636 1128 658 1222 ἢ
672 1137 708 1217 ἐξ
729 1129 876 1223 άνάγκης
890 1126 1109 1222 ὁμολογήσειν
1123 1128 1247 1216 αῦτούς
1268 1138 1324 1202 καὶ
1339 1131 1403 1221 τὴν
1417 1129 1505 1202 κατὰ
1526 1127 1633 1219 σάρκα

332 1236 395 1302 τοῦ
409 1238 640 1321 πνευματικοῦ
655 1239 805 1319 Χριστοῦ
823 1237 961 1322 γένεσιν,
982 1227 1006 1320 ἢ
1027 1237 1308 1321 μεταγενέστερον
1329 1228 1436 1304 αὐτόν
1457 1236 1521 1303 τοῦ
1534 1227 1632 1320 Ἀδὰμ

298 1323 545 1421 οόμολογῆσαι.
580 1331 621 1404 τό
641 1329 703 1420 γάρ
725 1336 883 1420 ἐγένετο
903 1325 922 1401 ό
941 1337 1105 1422 πρῶτος
1124 1325 1215 1403 καλό
1238 1328 1424 1419 δεύτερος
1438 1326 1632 1416 άκοῦοντες,

331 1436 366 1500 τί
397 1431 515 1520 ἕτερον
540 1427 562 1521 ἢ
588 1438 694 1504 τοῦτο
722 1437 877 1520 νοοῦμεν·
908 1437 937 1502 εἰ
962 1436 1089 1515 ἐκεῖνος
1114 1438 1176 1521 μὲν
1200 1437 1343 1522 πρῶτος
1368 1434 1516 1519 ἐγένετο,
1547 1424 1567 1502 ό
1597 1436 1632 1501 δὲ

281 1545 315 1600 10
330 1527 445 1618 κύριος
471 1528 640 1619 δεύτερος,
670 1527 866 1603 ἀκόλουθόν
890 1535 962 1602 ἐστι
990 1548 1082 1603 νοεῖν
1108 1536 1393 1622 μεταγενέστερον
1423 1528 1487 1603 τὸν
1514 1529 1632 1619 κόριον

331 1635 394 1702 τοῦ
419 1625 533 1720 Ἀδάμ;
562 1627 667 1702 πάλιν
697 1630 761 1722 γὰρ
786 1636 984 1722 Κορινθίοις
1015 1625 1035 1703 6
1061 1624 1254 1715 ἀπόστολος
1278 1628 1422 1720 γράψων
1448 1638 1552 1721 φησίν
1579 1624 1633 1701 ότι

332 1723 477 1814 όδεός,
500 1725 659 1801 όείπδιν
680 1734 722 1800 ἐκ
744 1728 915 1814 σκότους
936 1736 1021 1816 φῶς
1043 1728 1208 1820 λάμψαι,
1230 1725 1273 1814 ῦς
1295 1732 1470 1819 ἔλαμψεν
1491 1734 1633 1813 ἐνταῑς

329 1836 512 1922 καρδίαις
533 1827 643 1918 ὑμῶν
656 1829 756 1921 πρὸς
771 1828 980 1920 φωτισμὸν
1002 1837 1072 1922 τῆς
1093 1832 1278 1921 γνώσεως
1293 1834 1362 1919 τῆς
1377 1825 1495 1916 δόξης
1509 1825 1633 1901 αῦτοῦ

330 1934 372 2000 ἐν
402 1930 604 2021 προσώπῳ
632 1936 814 2021 Χριστοῦ.
857 1935 909 2012 τίς
935 1923 997 2003 οῦν
1026 1926 1046 2002 6
1076 1930 1184 2002 εἰποόν
1215 1928 1296 2012 θεὸς
1320 1933 1358 2000 ἐκ
1384 1924 1527 2011 σκότους
1557 1935 1632 2016 ψοῦς

281 2040 313 2096 15
330 2026 469 2118 λάμψαι,
490 2037 547 2101 καὶ
564 2036 633 2100 τλνι
648 2029 764 2114 εἰπών,
785 2037 842 2100 καὶ
855 2028 950 2116 πότε,
971 2027 1116 2121 άκριβῶς
1136 2027 1350 2119 ζητήσαντες,
1372 2023 1555 2118 εῦρήσομεν
1575 2037 1633 2099 καὶ

330 2136 408 2200 τίνα
432 2129 587 2220 κηρύσσει
612 2124 632 2200 6
659 2125 851 2214 ἀπόστολος
877 2128 962 2202 θεὸν
986 2136 1043 2199 καὶ
1067 2127 1179 2201 πόθεν
1204 2133 1275 2200 ἐστὶ
1301 2127 1342 2200 τὸ
1369 2133 1474 2199 δοθὲν
1495 2123 1573 2217 ἡμῖν
1595 2132 1632 2198 ἐκ

329 2227 518 2316 προσώπου
539 2235 603 2301 τοῦ
625 2236 776 2320 Χριστοῦ
802 2237 885 2318 φῶς.
928 2235 957 2300 εἰ
981 2234 1043 2318 μὲν
1068 2226 1131 2318 γὰρ
1158 2221 1179 2298 6
1198 2223 1274 2299 κατ’
1297 2223 1420 2310 αὐτοῦς
1441 2224 1633 2300 άναπλασά·

301 2346 316 2400 f
329 2355 428 2416 μενος
449 2324 579 2418 άγαδδς
600 2328 683 2413 θεός
698 2333 789 2401 ἐστιν
804 2324 824 2400 6
839 2325 943 2400 τοῦτό
959 2355 1028 2399 τινι
1042 2322 1064 2417 ἦ
1079 2349 1167 2398 τισιν
1183 2327 1290 2398 ε’λποόν
1311 2322 1510 2416 (εῦρίσκεται
1525 2325 1635 2413 ἄγνω-

330 2450 410 2509 στος
439 2419 491 2500 ὢν
520 2435 588 2520 καὶ)
618 2436 792 2520 δειχθῆναι
822 2433 874 2500 δεῖ
896 2421 1030 2516 πότεῆ
1057 2421 1138 2496 τί
1116 2453 1136 2514 η
1165 2433 1254 2498 τίσιν
1285 2425 1365 2497 εἶπε.
1406 2432 1464 2496 καὶ
1493 2432 1522 2497 ελ
1552 2427 1634 2509 εἶπε,

278 2540 313 2596 20
329 2533 450 2614 ψευδὲς
475 2528 517 2601 τὸ
544 2527 699 2620 λέγειν’
678 2553 858 2619 αγνωστον
881 2534 938 2649 κριὶ
962 2530 1130 2617 μηδέποτε
1154 2530 1454 2646 πεφανερρομένον,
1484 2531 1567 2646 μηδε
1590 2532 1636 2610 εἰς

331 2625 469 2700 ἔννοιάν
504 2657 598 2712 τινος
629 2624 838 2718 ἀφικόμενον
871 2623 979 2696 αὐτόν
1010 2621 1181 2716 δπόρχειν.
1224 2630 1253 2695 εἰ
1281 2624 1345 2715 γὰρ
1378 2632 1433 2746 καὶ
1463 2622 1637 2717 πρότερον

330 2723 442 2798 ἐλάλει
464 2757 501 2800 τε
526 2735 581 2798 καὶ
608 2729 842 2818 ἐπηγγέλλετο,
869 2718 948 2798 οῦτε
974 2725 1152 2815 ἄγνωστος
1177 2717 1234 2815 ἦν,
1266 2717 1345 2797 οῦτε
1374 2721 1455 2798 τότε
1480 2731 1635 2816 πρῶτον,

260 2839 314 2895 869
330 2824 378 2908 ὥς
397 2833 402 2916 Ι
421 2851 535 2914 φασιν,
557 2832 612 2898 ἐπὶ
632 2834 779 2916 Τιβερίου
800 2827 983 2946 κριτελδών
1004 2823 1114 2915 ἐφάνη
1133 2829 1170 2896 ἐν
1186 2823 1428 2914 Καφαρναούμ.
1464 2831 1493 2897 εἰ
1515 2831 1551 2896 δὲ
1573 2821 1636 2897 οῦκ

329 2919 373 3015 ἢν
388 2919 489 3009 οὗτος
505 2923 524 2997 6
538 2923 769 3016 ῦποσχόμενος
791 2925 832 2997 τό
852 2932 936 3014 φῶς,
959 2920 1030 2996 ἄλλ’
1054 2919 1304 3048 όδημιουργός,
1328 2928 1459 2996 ἐκείνου
1474 2920 1636 3014 δηλονότι

277 3031 428 3115 manen
448 3023 540 3097 καὶ(
519 3045 610 3115 ημεις
632 3029 663 3099 ολ
678 3022 917 3116 ψωτιζόμενοι,
938 3020 1029 3095 καὶε
1010 3054 1029 3096 ο
1045 3023 1193 3151 Χριρτὸς
1207 3054 1248 3096 ου
1234 3015 1305 3095 ἐν
1318 3024 1497 3117 προσωπῳ
1513 3022 1636 3114 λάμπει

330 3125 371 3198 τὸ
401 3126 495 3216 παρὰ
521 3133 584 3198 τοῦ
610 3131 813 3219 δημιουργοῦ
838 3131 923 3212 φῶς.
965 3125 996 3213 (6
1025 3127 1080 3212 γὰρ
1109 3127 1236 3213 ἁγαθός,
1267 3133 1372 3210 φησιν,
1402 3127 1548 3213 ἄγνωστος
1576 3121 1635 3211 ἦν.)

414 3263 443 3332 2]
462 3263 529 3318 Gen.
542 3265 570 3317 l:
582 3264 607 3318 8.
620 3293 653 3301 -
665 3261 694 3332 Β]
714 3265 727 3316 1
740 3261 799 3318 (λοι.
810 3264 855 3317 15:
868 3263 909 3316 47.
922 3291 956 3300 —
966 3260 993 3330 8]
1012 3263 1026 3316 1
1040 3261 1100 3317 Gor.
1112 3262 1158 3316 15:
1170 3261 1212 3328 45,
1224 3263 1266 3316 47.
1279 3261 1448 3332 -11-14]
1466 3263 1483 3318 2
1496 3262 1555 3318 Gor.
1569 3264 1597 3317 4:
1611 3263 1635 3316 6.

415 3365 434 3418 4
451 3361 508 3436 γὰρ
520 3373 554 3424 <
565 3365 588 3418 Β
603 3365 607 3432 Ι
622 3363 753 3433 γέννησιν
765 3363 893 3430 ΒΒΕΒἬ,
905 3360 1019 3432 γένησιν
1031 3362 1057 3418 δ.
1069 3363 1128 3418 fibr.
1143 3362 1148 3432 1
1163 3364 1183 3420 δ
1200 3359 1219 3430 ἢ
1230 3362 1296 3422 <G
1312 3365 1317 3433 Ι
1331 3365 1381 3418 καὶ
1391 3365 1442 3432 τὴν
1455 3360 1529 3419 κατὰ
1543 3360 1635 3434 σάρκα

330 3447 385 3515 FH,
407 3450 457 3503 καὶ
474 3449 524 3516 την
542 3465 566 3503 ο.
584 3447 636 3513 ΟΕ,
654 3446 727 3504 κατὰ
745 3451 795 3518 τὴν
812 3466 837 3505 ο.
856 3448 882 3502 d.
900 3448 959 3502 flbr.
983 3450 988 3518 Ι
1015 3449 1029 3503 λ
1049 3446 1180 3519 γέννησιν
1197 3447 1245 3501 FH
1268 3448 1273 3515 1
1297 3449 1397 3518 lem]
1419 3444 1451 3503 ἐκ
1469 3445 1635 3519 προσώπου]

331 3533 380 3586 »in
393 3549 527 3602 persona«
540 3533 609 3598 Rufi,
627 3527 659 3588 ἐν
671 3528 839 3606 προσώπῳλ
854 3533 857 3600 Ι
875 3533 986 3589 17-19
1003 3528 1031 3588 εἰ
1045 3531 1098 3600 μὲν
1115 3529 1172 3603 γὰρ
1184 3561 1218 3570 -
1229 3532 1301 3587 τλσιν
1319 3526 1381 3588 εἷπε
1392 3533 1430 3586 iet
1442 3531 1637 3587 zweifeleohne

330 3618 493 3683 verdorben,
505 3618 538 3672 19
550 3618 696 3688 δειχθῆναι
707 3619 739 3686 δὴ
751 3617 819 3684 B1E,
831 3621 978 3688 δειχθῆναι
989 3615 1047 3672 δέοι
1059 3611 1155 3672 εἴποτε
1166 3615 1201 3682 Η,
1210 3619 1246 3671 17
1260 3612 1498 3686 ἀναπλασδμενος
1509 3615 1555 3670 11².
1579 3615 1636 3670 Pin

330 3703 432 3758 iibere:
459 3701 535 3756 Nwm
551 3702 581 3756 ei
596 3707 634 3756 eet
651 3702 738 3756 δοιιιιι
754 3703 837 3767 Deus,
856 3719 935 3771 quem
952 3701 1012 3771 ipsi
1027 3701 1138 3769 ῇκριιιιλ
1154 3699 1293 3770 opificem,
1321 3700 1440 3757 Humfr.:
1465 3701 1500 3756 Si
1515 3700 1593 3754 em'm
1609 3700 1637 3754 ie

328 3787 382 3856 ηιιδ
397 3787 545 3856 νοῙδιιανναδ
560 3791 586 3842 ά
601 3788 687 3842 boum
699 3787 781 3855 Deus,
798 3787 929 3856 quomodo
940 3787 992 3841 iste·
1005 3787 1146 3856 jactitant,
1163 3785 1213 3840 Ιιοα
1229 3784 1320 3840 αλιῦιιδ
1333 3790 1383 3840 aut
1399 3787 1540 3856 αλιλγιιῦδιιι
1557 3785 1637 3849 debit,

331 3873 472 3927 invenitur
488 3873 608 3928 υιὶὶιλιοολ
625 3873 734 3942 {quotue
751 3872 799 3926 ille
816 3873 900 3926 etiam
916 3872 1040 3926 δοιιιιζιιι
1056 3871 1205 3939 αλδςιιοιιιδο
1222 3875 1248 3924 et
1264 3871 1354 3924 alem·
1364 3871 1468 3926 διοίσει
1478 3875 1504 3925 et
1520 3870 1636 3939 aliquid.

331 3959 393 4013 Rus.
412 3959 533 4013 entfernt
549 3957 608 4013 eieh
625 3976 689 4014 vom
706 3955 901 4013 fiberlieferten
914 3957 1001 4011 'Pente
1020 3955 1071 4010 »Si
1086 3955 1163 4011 enim
1179 3955 1330 4008 seeundum
1345 3955 1456 4022 fabulae
1473 3956 1592 4010 intonen
1603 3985 1637 3994 —

329 4044 441 4112 quando
457 4042 554 4098 διἀδλι.
589 4044 637 4098 leh
654 4045 787 4111 vermute,
810 4043 873 4097 dene
889 4041 1018 4098 numne
1035 4030 1131 4097 Ubere.
1149 4039 1199 4094 auf
1213 4039 1359 4109 Conjeetnr
1375 4039 1484 4106 beruhk„
1503 4041 1540 4094 dn
1555 4039 1637 4094 keine

331 4145 443 4184 unserer
455 4127 525 4184 flss.
543 4157 577 4167 —
587 4127 645 4182 und
663 4126 708 4183 die
724 4128 799 4183 seine
815 4144 873 4183 war
890 4128 944 4182 den
955 4143 1072 4182 nneeren
1084 4123 1197 4179 fihnlich
1209 4155 1241 4164 -
1260 4123 1321 4178 eine
1332 4123 1402 4194 Spur
1413 4141 1468 4180 von
1482 4124 1635 4179 »docuisse«

331 4213 413 4284 neigh
437 4213 493 4268 Ηολ
504 4213 565 4268 Rufi
578 4212 658 4268 einen
670 4213 791 4268 anderen
803 4231 843 4282 gr.
851 4212 881 4266 Τ.
894 4211 1024 4282 geknnnt,
1037 4211 1104 4266 oder
1114 4210 1152 4264 iet
1163 4226 1201 4277 er,
1211 4208 1264 4263 wie
1275 4226 1312 4263 en
1324 4209 1444 4266 anderen
1458 4208 1571 4276 Stellen,
1583 4208 1638 4263 den

333 4297 576 4369 Sehwierigkeiten
588 4315 636 4352 eus
648 4297 710 4351 dem
722 4297 811 4368 Wege
827 4297 990 4367 gegangen?
1018 4296 1085 4350 Men
1096 4295 1173 4349 kann
1183 4293 1307 4349 mehnere
1319 4293 1501 4364 Gonieebnren
1513 4294 1636 4357 macheu.

330 4381 589 4452 ἀναπλασοιμένους
609 4381 686 4437 lesen
706 4400 733 4436 n
752 4378 784 4447 δς
805 4381 890 4437 τοῦτό
908 4399 962 4436 τινι
981 4377 998 4450 ἢ
1016 4397 1087 4436 τισιν
1110 4373 1199 4434 εἰπὼν
1221 4373 1392 4450 εὑρίσκεται,
1415 4373 1478 4448 ἄγν.
1496 4371 1546 4443 ὢν,
1570 4376 1636 4448 [καὶ]

329 4470 429 4539 δειχθ,
447 4468 520 4532 eber,
539 4469 654 4537 solange
670 4465 749 4522 nicht
765 4467 873 4521 beseere
890 4465 961 4520 HSS.
980 4482 1013 4518 nu
1030 4463 1105 4520 Hilfe
1122 4465 1263 4528 konnen,
1281 4463 1370 4518 bleibt
1387 4463 1456 4518 alles
1473 4463 1610 4534 ungewiss
1632 4463 1637 4531 l

334 4554 373 4608 le
390 4555 440 4608 καὶ
457 4549 485 4608 εἰ
500 4546 562 4608 εἷπε
580 4551 699 4607 ABOFH
715 4551 780 4620 Pie,
797 4550 911 4614 Humfn,
929 4546 958 4605 εἰ
973 4559 1006 4609 <
1024 4548 1283 4616 d.nbr.HSS.125
1302 4539 1345 4617 οὗ]
1367 4550 1478 4604 »ιιιλιιει
1497 4548 1568 4614 Rus„
1587 4540 1638 4604 οῦν

328 4637 460 4700 ΔΟΒῈΗ,
479 4647 512 4698 <
530 4638 555 4693 δ.
574 4638 633 4692 flbr.
649 4638 653 4706 Ι
670 4636 709 4691 26
727 4633 744 4690 6
761 4633 817 4708 γὰρ
829 4667 863 4675 -
875 4631 917 4705 ἣν,
935 4634 984 4689 dns
1001 4633 1046 4690 bei
1062 4635 1124 4690 Rus.
1142 4633 1225 4700 fehlt,
1246 4635 1321 4704 pust
1339 4632 1400 4688 hier
1417 4651 1467 4704 ger
1484 4633 1563 4688 nicht
1580 4631 1637 4688 und
