3744 5524
210 500 321 572 Caspari
338 500 377 555 IV
395 517 416 554 a
435 503 459 558 b.
477 501 500 557 6.
807 498 915 570 Dialog-
1456 508 1514 568 149

210 669 293 735 enim
308 669 527 735 attractionem
542 667 682 752 aliquem
697 673 729 734 et
743 667 1035 752 coangustationem
1049 667 1099 732 sui
1112 668 1223 732 fecerit
1237 671 1322 749 deus,
1338 673 1375 735 ut
1388 674 1515 735 uacaret

210 769 330 853 aliquid
360 772 398 834 de
420 769 563 850 materia,
594 769 680 852 quod
702 766 832 832 formari
857 772 964 850 posset
990 772 1021 832 et
1045 768 1085 832 ad
1110 769 1221 832 mundi
1247 769 1400 834 fabricam
1425 769 1515 848 uerti,

209 875 265 935 aut
286 873 369 935 certe
391 890 424 934 se
449 869 554 951 ipsum
578 867 758 934 inuenietur
782 868 900 950 pariter
926 889 997 932 curn
1022 867 1154 931 materia
1179 867 1358 948 fabricatus,
1389 869 1417 934 si
1442 871 1515 934 sub·

209 968 352 1033 trahendi
382 990 415 1034 se
447 970 485 1032 ab
517 991 553 1033 ea
583 967 636 1034 uel
665 966 830 1032 secedendi
859 965 957 1032 elium
986 988 1050 1031 non
1079 965 1190 1030 babuit
1218 966 1332 1034 locum.
1375 967 1409 1034 Si
1439 991 1513 1033 uero

175 1068 323 1152 antiquis
358 1090 395 1132 ex
429 1069 503 1147 boc,
538 1067 565 1132 si
600 1066 732 1146 dicatur,
769 1065 875 1132 locum
910 1087 977 1130 esse
1012 1065 1063 1130 dei
1096 1065 1272 1146 materiam,
1306 1088 1432 1132 necesse
1467 1071 1515 1132 est

208 1173 244 1233 ut
274 1169 397 1233 dicatur
431 1170 508 1232 deus
538 1166 609 1233 loco
640 1165 800 1232 terminari
831 1169 862 1230 et
897 1164 1109 1230 circumscribi
1141 1165 1323 1232 emeterio.
1358 1164 1420 1231 Sed
1450 1165 1513 1249 <et>

208 1289 334 1332 necesse
356 1271 404 1332 est
424 1270 461 1332 ut
484 1266 551 1350 ipse
578 1265 721 1332 similiter
741 1270 778 1330 ut
802 1265 933 1330 materia
959 1264 1035 1330 ferri
1056 1265 1178 1328 dicatur
1202 1265 1390 1344 inordinate,
1417 1269 1449 1330 et
1474 1267 1514 1330 ad

208 1366 355 1432 ultimum
380 1371 416 1432 ut
436 1367 470 1431 in
492 1367 561 1431 istis
587 1365 679 1430 malis
706 1364 828 1430 dicatur
854 1386 921 1430 esse
948 1366 1024 1428 deus
1051 1384 1131 1446 quae
1153 1364 1231 1429 dicis
1258 1364 1427 1448 protulisse
1449 1387 1513 1428 ma·

209 1467 327 1531 teriam.
363 1464 398 1531 Si
413 1468 496 1530 enim
512 1466 681 1549 aliquando
703 1465 912 1548 incomposita
933 1461 995 1527 fuit
1008 1464 1147 1543 materia,
1168 1468 1278 1547 postea
1292 1485 1368 1529 uero
1383 1466 1514 1528 adorne-

159 1573 192 1627 10
208 1567 256 1630 uit
277 1569 407 1632 eandem
422 1569 499 1630 deus
522 1567 612 1630 etad
633 1566 743 1631 mundi
765 1563 922 1629 conuertit
935 1567 1088 1642 ornatum,
1112 1563 1365 1648 erat'aliquando
1388 1566 1513 1646 quando

209 1671 276 1730 erat
307 1669 383 1730 deus
411 1666 445 1729 in
476 1668 569 1731 rebus
598 1664 815 1747 incompositis
846 1668 877 1728 et
905 1663 1083 1728 inconditis.
1119 1661 1181 1728 Sed
1217 1666 1248 1728 et
1282 1662 1362 1728 illud
1396 1661 1514 1745 requiri

208 1765 326 1830 iustum
347 1769 395 1829 est
414 1769 521 1829 utrum
542 1763 653 1828 dicatis
676 1764 750 1847 quia
772 1765 847 1829 deus
866 1761 1009 1846 replebat
1028 1762 1205 1839 materiam,
1227 1783 1267 1826 an
1285 1762 1319 1826 in
1339 1766 1427 1846 parte
1447 1761 1513 1826 eius

209 1863 316 1949 aliqua
346 1869 419 1930 erat.
459 1862 510 1948 (Si
539 1885 614 1928 uero
647 1863 778 1948 aliquis>
810 1865 894 1928 dicat
923 1863 1025 1945 ipsam
1059 1861 1221 1926 materiam
1251 1861 1284 1925 in
1319 1863 1377 1927 deo
1408 1861 1514 1941 firisse,

209 1963 354 2029 similiter
370 1963 636 2048 interrogabimus
657 1967 764 2028 utrum
783 1966 926 2046 separata
944 1963 983 2026 ab
1003 1982 1040 2026 eo
1056 1960 1184 2038 dicatur,
1206 1965 1250 2041 ut,
1271 1960 1354 2026 sicut
1370 1960 1513 2026 uidemus

158 2079 191 2132 15
209 2086 282 2129 oues
303 2064 337 2129 in
358 2069 428 2129 atre
449 2067 590 2129 secantes
612 2085 683 2128 eum
702 2067 734 2127 et
755 2063 969 2146 dirumpentes
989 2061 1134 2138 incidere,
1157 2059 1202 2123 ita
1222 2060 1355 2124 materia
1371 2060 1405 2124 in
1420 2063 1512 2124 deum

208 2167 338 2246 putatur
356 2165 502 2247 ingruere
522 2166 616 2246 atque
639 2163 767 2246 abipso
790 2162 914 2244 suscipi,
934 2165 989 2226 aut
1003 2165 1086 2226 certe
1106 2159 1152 2223 ita
1171 2161 1204 2223 in
1227 2180 1263 2224 eo
1278 2158 1368 2224 uelut
1388 2159 1421 2224 in
1442 2158 1512 2226 loco

209 2264 275 2340 erit,
297 2263 379 2326 sicut
399 2262 432 2326 in
453 2266 537 2327 terra
559 2267 633 2327 sunt
647 2284 756 2345 aquae.
784 2261 827 2327 Ει
848 2262 1004 2343 siquidem
1023 2259 1108 2324 dicat
1128 2257 1242 2342 aliquis
1265 2281 1301 2324 eo
1322 2263 1416 2342 pacto
1446 2281 1513 2324 esse

207 2362 370 2428 materiam
391 2361 425 2426 in
446 2364 504 2427 deo
528 2383 591 2446 quo
615 2384 689 2427 aues
711 2361 744 2426 in
765 2365 849 2442 atre,
875 2359 1043 2425 secabilem
1063 2359 1239 2424 necessario
1262 2363 1294 2423 et
1321 2357 1512 2424 diuisibilem

209 2465 301 2526 deum
323 2462 408 2527 dicit.
444 2459 478 2526 Si
499 2483 575 2527 uero
598 2461 688 2540 dicet,
718 2460 808 2525 uelut
828 2480 911 2542 aqua
930 2460 964 2524 in
985 2463 1076 2536 terra,
1105 2459 1150 2522 ita
1176 2458 1272 2523 fuisse
1299 2457 1332 2522 in
1362 2460 1420 2524 deo
1446 2481 1510 2522 ma·

156 2561 327 2638 nuteriam,
348 2562 426 2625 baec
448 2565 561 2638 autem,
583 2565 619 2624 ut
640 2561 692 2634 eit,
714 2562 781 2625 erat
801 2559 978 2625 inordinata
1000 2562 1031 2622 et
1051 2558 1267 2640 incomposita,
1289 2558 1408 2623 habens
1428 2559 1511 2623 intra

208 2682 240 2725 se
260 2658 344 2724 mala
365 2659 442 2724 haec
463 2659 631 2743 dequibus
648 2658 816 2742 quaeritur,
838 2658 904 2723 sine
926 2658 1022 2723 dubio
1041 2657 1118 2722 dicit
1140 2657 1194 2740 qui
1213 2657 1290 2722 haec
1308 2659 1353 2722 ite
1372 2657 1512 2722 defendit

208 2763 300 2825 deum
318 2759 424 2825 locum
445 2760 543 2824 fuisse
565 2758 730 2838 melorum,
752 2760 837 2842 quod
859 2757 921 2823 dici
943 2761 981 2821 de
1002 2760 1060 2823 deo
1083 2760 1114 2821 et
1134 2756 1316 2822 indecorum
1334 2757 1461 2822 uidetur
1481 2761 1512 2822 et

208 2882 219 2923 1
287 2882 306 2922 u
342 2909 350 2924 .

220 2882 400 3028 mPlcinVI.
434 2963 521 3022 Dros.
548 2963 588 3024 d:
618 2957 820 3036 Ualentinus,
850 2962 886 3021 ut
915 2958 1093 3022 ostenderet
1122 2958 1216 3021 deum
1246 2977 1309 3020 non
1340 2977 1407 3021 esse
1436 2956 1513 3020 mali

155 3068 190 3122 25
208 3080 343 3138 causam,
364 3061 529 3141 propterea
548 3059 696 3124 materiae
718 3057 847 3123 ascribit
864 3055 956 3136 mela,
976 3059 1090 3121 utnon
1112 3077 1150 3121 ex
1165 3058 1223 3121 deo
1246 3057 1301 3120 sed
1323 3078 1361 3120 ex
1382 3055 1512 3121 materis

208 3180 275 3222 esse
296 3159 486 3222 uiderentur.

291 3262 344 3323 Ad.
367 3262 405 3322 d:
436 3256 602 3321 Materiam
629 3257 688 3320 deo
715 3260 911 3322 coaeternam
936 3257 985 3321 uis
1013 3277 1087 3334 esse,
1119 3255 1167 3320 uti
1192 3278 1232 3321 ne
1258 3256 1412 3320 malorum
1439 3277 1511 3321 con·

294 3575 311 3629 l
331 3571 396 3628 eod
415 3572 644 3642 coangustatione
659 3572 663 3640 Ι
679 3570 728 3638 uc
745 3570 822 3624 Nacb
842 3571 880 3624 »si
897 3587 962 3625 vero
980 3570 1094 3640 aliquis«
1114 3570 1222 3625 scheint
1239 3572 1324 3625 etwas
1342 3569 1512 3641 ausgefallen

209 3675 243 3712 an
260 3658 331 3725 sein,
354 3659 437 3712 etwa:
462 3656 568 3711 »locum
587 3673 644 3710 esse
663 3655 707 3710 dei
725 3655 868 3710 materiam
886 3655 985 3710 dicate.
1020 3656 1104 3721 (uber
1126 3671 1156 3709 so
1173 3654 1263 3710 bleibt
1282 3672 1330 3710 »ex
1348 3655 1415 3710 hoc·
1434 3671 1511 3708 uner-

209 3743 290 3797 klert.
320 3742 430 3796 Mussen
446 3741 497 3796 wir
514 3743 583 3795 statt
601 3741 639 3795 »si
653 3741 775 3795 dicatur·
790 3740 877 3795 lesen:
897 3741 1101 3812 »suspicatur-¹?
1127 3740 1189 3810 Vgl.
1204 3742 1260 3802 151,
1272 3741 1297 3794 3.
1315 3769 1348 3780 -
1360 3741 1392 3806 Β)
1408 3741 1412 3808 Ι
1427 3742 1512 3795 mate·

210 3826 288 3895 riam]
303 3825 369 3882 Cod.
381 3824 469 3880 maria
483 3826 487 3893 Ι
503 3825 522 3880 b
535 3823 582 3880 sed
595 3827 631 3894 et]
646 3826 711 3881 uod.
723 3825 810 3880 bloss:
823 3825 869 3879 sed
885 3826 889 3892 Ι
906 3825 944 3881 18
956 3824 1007 3880 Die
1018 3825 1235 3897 hinaugefflgten
1244 3824 1340 3880 Worte
1352 3824 1418 3878 oder
1429 3824 1525 3878 ibnen·

209 3910 336 3964 thulicbe
354 3916 463 3964 mdssen
484 3909 654 3980 ausgefailen
672 3909 738 3964 sein.
769 3909 832 3966 eod
845 3908 919 3965 bloss
933 3909 1037 3964 »dicat«
1054 3912 1059 3979 Ι
1075 3910 1141 3967 uod.
1159 3910 1188 3964 in
1200 3910 1251 3965 deo
1263 3908 1353 3964 deum.
1382 3909 1430 3963 Ich
1442 3908 1514 3963 habe

211 3995 322 4050 »deum«
343 3995 383 4048 ale
401 3995 556 4064 ungehdrig
573 3993 736 4064 gestricben.
766 3995 807 4047 Im
824 3993 974 4064 folgenden
990 3994 1027 4049 ist
1044 4013 1096 4049 nur
1110 4012 1165 4049 ron
1182 3993 1245 4048 dem
1258 3993 1322 4048 Scin
1339 3993 1387 4047 der
1398 3992 1513 4047 Materia

212 4079 256 4132 »in
269 4079 345 4147 dec«,
363 4081 442 4134 nicht
454 4079 524 4133 auch
536 4095 591 4133 ron
603 4079 692 4134 cinam
707 4079 803 4133 »deum
816 4095 889 4133 esse«
903 4075 1046 4134 d'erselben
1058 4079 1102 4134 die
1113 4078 1196 4133 Reda.
1226 4077 1288 4132 Von
1301 4077 1389 4132 ciuem
1402 4075 1514 4130 solcben

209 4168 328 4220 wusrten
346 4165 417 4219 aucb
435 4163 480 4218 die
499 4163 707 4218 Valentinianer
724 4163 823 4220 nicbts.
858 4163 912 4217 Der
929 4162 1027 4218 Fehler
1047 4164 1083 4218 ist
1101 4163 1175 4216 wohl
1196 4161 1319 4216 dadurch
1341 4160 1512 4227 entstanden‚

210 4249 272 4304 dass
295 4250 339 4304 ain
357 4247 499 4304 Scbreiber
522 4248 570 4302 das
589 4248 670 4304 Wort
691 4247 761 4318 irrig
781 4247 959 4304 wiederbclte
981 4248 1038 4302 und
1062 4249 1123 4302 dass
1146 4247 1284 4301 entweder
1306 4261 1335 4298 er
1357 4243 1443 4298 selbst
1464 4242 1513 4298 das

211 4334 307 4390 aweitc
325 4334 383 4388 Mal
401 4335 454 4388 den
466 4338 562 4388 Accus.
581 4336 614 4387 at.
632 4333 680 4387 des
692 4332 785 4387 Ablat.
802 4335 896 4399 aetate,
913 4333 979 4388 oder
996 4332 1041 4387 ein
1059 4335 1178 4404 sptterer
1190 4329 1334 4385 Scbreiber
1351 4329 1400 4382 das
1418 4328 1513 4384 aweite

213 4420 294 4473 »deo«
314 4418 343 4473 in
362 4418 474 4473 »deame
494 4418 688 4473 verwandelte.
722 4418 800 4472 Auch
821 4417 916 4473 weiter
937 4416 1031 4470 finden
1046 4417 1098 4472 wir
1120 4416 1163 4469 »in
1182 4414 1278 4469 deum«
1302 4415 1335 4466 st.
1357 4413 1400 4466 »in
1418 4412 1484 4468 deo·
1508 4413 1511 4480 Ι

212 4503 251 4559 14
271 4503 335 4558 Cod.
354 4503 479 4558 Uidimus
499 4505 503 4570 Ι
526 4503 563 4559 15
581 4502 694 4574 Cospari
711 4502 775 4558 lieet
794 4502 838 4556 »in
856 4507 975 4564 aerem-3
998 4501 1064 4556 aber
1083 4500 1127 4554 »in
1145 4505 1221 4554 ae'rec
1241 4498 1278 4552 ist
1294 4497 1346 4552 mit
1365 4514 1460 4552 »aues«
1480 4514 1513 4552 zu

211 4588 370 4651 verbinden,
389 4589 446 4642 und
465 4586 614 4642 »incidere«
629 4585 665 4641 iet
679 4586 814 4642 transitis.
832 4587 900 4640 -B
916 4588 920 4654 Ι
935 4585 1000 4642 Cod.
1012 4585 1177 4640 materiam?
1191 4584 1195 4654 Ι
1213 4583 1248 4638 17
1269 4581 1430 4651 dicautur.
1448 4581 1496 4636 dic
1508 4584 1510 4650 Ι

212 4672 248 4727 19
266 4671 326 4742 deo]
345 4670 410 4727 uon.
428 4673 475 4727 dur
491 4674 495 4741 Ι
511 4673 548 4727 21
569 4671 610 4725 ιιιὶ
628 4671 673 4741 ne]
692 4669 757 4726 cod.
776 4674 807 4725 ut
824 4688 839 4725 e
856 4670 913 4724 und
932 4675 973 4721 »i«
993 4670 1061 4724 tiber
1080 4687 1134 4724 »e«.
