3744 5524
205 467 317 540 Cespari
334 469 359 522 11
378 485 400 523 o.
418 470 442 524 7.
459 465 484 524 8.
800 469 908 541 Dialog.
1475 480 1515 542 73

205 643 240 702 io
261 641 384 702 tristitia
401 642 595 702 manducabas
616 661 681 702 eum
702 661 804 704 omnes
825 644 887 704 dies
904 644 984 704 uitae
1005 648 1079 704 tuae
1118 643 1231 722 θρίηαε
1255 650 1281 704 ct
1303 644 1427 704 tribulos
1443 663 1514 722 pro-

206 742 288 802 ducet
314 742 368 802 aa
396 747 423 802 et
447 743 642 802 munducabis
666 743 791 819 semron
816 744 889 820 cyri.
931 743 970 804 Io
990 744 1097 804 sudore
1121 743 1228 808 uatus
1254 744 1301 804 toi
1320 744 1515 804 mndaeubrs

200 859 314 918 panau
332 847 433 916 taron,
456 859 551 920 uaqree
571 861 630 920 quo
649 841 750 902 emens
769 844 805 903 io
827 849 935 904 terram
953 843 1033 902 unde
1053 849 1211 904 ueauntus
1230 861 1270 914 eu,
1292 844 1365 921 quia
1385 849 1463 902 terro
1483 862 1515 904 aa

207 946 233 1000 et
258 941 293 1001 io
318 946 428 1002 terrum
452 941 520 1003 itia.
563 935 651 1003 Haec
678 942 726 1002 est
751 938 905 1003 sententia
931 937 1209 1004 condemnationis.
1250 937 1383 1003 Animae
1406 943 1453 1004 aet
1475 961 1514 1004 an

174 1036 367 1119 ocorporis‘?

290 1141 377 1199 Eutr.
399 1140 440 1200 d.:
467 1134 628 1200 Sententia
655 1137 946 1204 condemnationem
973 1136 1113 1220 corporis
1140 1137 1287 1202 eontinet.
1334 1135 1392 1202 Ait
1418 1137 1514 1203 enim:

213 1238 310 1317 Usque
335 1257 393 1316 quo
417 1241 576 1300 reuerteris
601 1241 636 1300 io
661 1246 770 1301 mum
794 1242 873 1302 eorde
897 1261 942 1316 es,
969 1241 1041 1320 qaia
1063 1247 1138 1301 terra
1158 1259 1189 1302 ea
1217 1246 1243 1301 ct
1263 1240 1298 1301 in
1320 1246 1428 1301 mnan
1448 1241 1515 1302 ibus.

291 1338 346 1400 Ad.
368 1339 407 1400 d.:
432 1333 565 1400 Dixerat
590 1356 666 1421 ergo
692 1338 777 1420 quod
802 1341 923 1403 creator
954 1337 1176 1403 condemnauit
1204 1338 1265 1401 hoo
1295 1336 1384 1401 uenit
1412 1337 1515 1402 bonus

207 1437 284 1500 deus
303 1433 434 1500 saluere.

158 1549 190 1602 10
289 1539 363 1615 Meu.
384 1539 424 1601 a:
449 1534 654 1601 Maledictum
676 1537 705 1601 ei
726 1535 820 1614 dedit,
841 1540 873 1602 et
893 1538 1052 1620 quomodo
1074 1558 1139 1602 non
1160 1536 1400 1602 condemnauit?

292 1637 347 1698 Au.
369 1639 410 1699 d.:
441 1632 518 1700 Non
543 1635 663 1700 homini
687 1635 862 1716 maledixit,
892 1639 947 1702 aed
973 1640 1080 1701 terrae.
1125 1635 1211 1701 Dicit
1237 1637 1333 1701 euim:
1361 1639 1516 1701 Maledicta

209 1743 284 1797 terre
304 1737 340 1797 iu
360 1738 498 1814 operibus
520 1740 588 1800 tais.

288 1837 362 1913 Meu.
384 1838 423 1898 d.:
448 1831 491 1897 Et
510 1833 606 1900 homo
628 1858 691 1902 non
713 1840 760 1901 est
781 1838 819 1901 de
841 1840 944 1901 terra?

289 1937 374 1996 Eotr.
397 1937 436 1998 d.:
463 1931 563 1999 Paulo
586 1939 658 1999 ante
684 1935 809 2000 dicebas
837 1937 973 2000 animum
999 1939 1119 2018 partem
1142 1936 1299 2018 quandam
1321 1937 1352 1998 et
1372 1932 1513 1998 insuffla·

159 2045 190 2097 15
207 2032 325 2098 tionem
351 2053 418 2098 esse
444 2032 605 2112 creatoris;
630 2055 726 2114 nunc,
751 2039 902 2118 tanquam
924 2034 1041 2102 oblitu·
1063 2036 1122 2112 tui,
1150 2036 1188 2098 de
1209 2038 1293 2098 terra
1313 2032 1391 2098 dicis
1412 2031 1514 2098 homi-

207 2155 279 2197 nem
297 2136 479 2198 assumtum.

290 2237 345 2296 Ad.
366 2237 406 2297 d.:
435 2230 523 2317 Ergo
550 2233 697 2315 animam,
728 2256 809 2318 quae
839 2237 1045 2300 condemnata
1074 2256 1139 2299 non
1169 2237 1246 2312 erat,
1276 2232 1398 2298 saluere
1427 2230 1516 2296 uenit

209 2333 311 2397 bonus
333 2332 431 2396 deus?

291 2437 377 2496 Eutr.
399 2435 438 2496 d.:
465 2431 544 2498 Cum
566 2435 749 2497 ostendatur
771 2453 885 2516 corpus
907 2455 974 2497 erse
996 2436 1081 2517 quod
1103 2434 1344 2498 condemnatum
1366 2435 1427 2511 est,
1452 2432 1514 2496 hoc

158 2541 192 2594 20
208 2536 314 2597 autem
334 2534 451 2614 negant
472 2553 544 2595 eum
565 2530 689 2597 uenisse
710 2531 841 2612 saluere,
863 2534 919 2597 sed
940 2531 1187 2598 insufflationem
1209 2529 1356 2596 creatoris
1377 2535 1513 2614 partem·

209 2653 269 2714 que
295 2629 362 2696 eius
391 2651 486 2714 quam
511 2630 564 2695 isti
585 2632 721 2696 animam
744 2631 864 2711 dicunt,
889 2632 964 2697 huic
984 2631 1040 2716 qui
1062 2633 1204 2696 deterre
1224 2630 1327 2696 fuerat
1348 2634 1514 2709 assumtus,

208 2729 263 2813 qui
286 2735 317 2795 et
338 2732 564 2796 condemnatus
587 2735 642 2811 est,
663 2729 742 2796 nihi]
764 2732 927 2814 praestitit.

291 2851 316 2894 o.
332 2829 439 2901 VIII.
470 2835 560 2895 Marc.
570 2835 612 2896 d.:
631 2829 720 2896 Haec
734 2834 902 2896 aduersum
916 2831 1111 2916 Megethium
1125 2829 1272 2896 uidentur
1287 2833 1515 2912 consequenter

208 2931 299 2994 dicta
346 2929 527 2995 Aduersum
552 2933 695 2996 nostrum
720 2951 796 2997 uero
823 2932 938 3016 dogma
961 2930 1155 3014 impossibile
1182 2934 1229 2995 est
1254 2930 1367 2994 horum
1392 2926 1514 3011 aliquid

157 3039 190 3092 25
209 3026 322 3094 ualere.
363 3026 433 3094 Nor
460 3029 543 3094 enim
569 3051 671 3114 neque
693 3052 807 3115 corpus
828 3053 931 3115 neque
953 3031 1090 3096 animam
1111 3029 1257 3109 dicimus,
1284 3030 1339 3093 sed
1361 3027 1515 3112 spiritum,

207 3127 290 3193 sicut
320 3127 482 3212 apostolus
511 3129 603 3195 dixit:
638 3135 757 3196 ttudidi
787 3135 934 3196 eiusmodi
964 3135 1116 3196 toruiaem
1145 3140 1266 3194 somnae
1295 3132 1331 3192 io
1359 3132 1515 3192 interitum

206 3232 315 3306 comm,
336 3239 371 3292 ut
390 3233 518 3310 spiritua
538 3234 644 3294 saluus
664 3235 726 3312 fiat.

290 3333 345 3393 Ad.
359 3332 399 3393 d:
427 3326 563 3411 Spiritus
583 3329 643 3393 iste
666 3329 814 3396 creatoris
837 3333 893 3409 est,
914 3350 1008 3413 quem
1030 3328 1125 3393 habet
1146 3330 1250 3406 homo,
1272 3331 1327 3391 aut
1347 3325 1423 3391 boni
1445 3323 1516 3390 dei?

290 3433 381 3494 Marc.
402 3432 442 3494 d.:
472 3427 554 3493 Boni
576 3429 634 3495 dai.

158 3535 191 3587 30
292 3532 346 3591 Ad.
368 3530 408 3594 d.:
440 3525 541 3592 Simul
568 3547 644 3612 ergo
671 3529 893 3594 conuenientes
924 3531 1047 3593 creator
1072 3532 1105 3593 et
1135 3528 1237 3592 bonus
1269 3529 1346 3591 deus
1373 3525 1516 3590 fecerunt

208 3625 376 3692 hominem.

290 3732 441 3792 Marad:
470 3725 657 3803 Quomodo?

292 3831 346 3891 Ad.
369 3832 410 3892 d.:
438 3825 556 3892 Dixisti
583 3825 721 3891 animam
748 3831 779 3891 et
804 3847 918 3910 corpus
941 3825 1089 3892 creatori·
1112 3845 1192 3904 esse,
1218 3827 1249 3888 et
1270 3823 1417 3907 spiritum
1438 3823 1516 3888 boni

209 3926 268 3992 dei
309 3927 377 3991 Aut
397 3948 461 3992 non
482 3928 528 3991 ita
550 3930 617 3992 est?

157 4037 189 4090 35
290 4032 381 4092 Mare.
403 4023 446 4092 d.:
473 4024 608 4104 Creator,
632 4028 758 4109 quando
773 4025 944 4108 plasmauit
957 4023 1118 4090 hominem
1132 4027 1164 4087 et
1182 4021 1360 4086 insufflauit
1380 4020 1413 4085 in
1436 4043 1516 4098 eum,

208 4149 270 4191 non
296 4126 402 4210 potuit
427 4129 467 4190 ad
491 4126 668 4209 perfectum
690 4147 760 4190 eum
783 4123 947 4208 explicare.
989 4121 1110 4189 Uidens
1132 4126 1238 4188 autem
1260 4124 1393 4203 desuper
1413 4120 1515 4184 bonus

293 4645 329 4700 17
350 4645 417 4702 God.
435 4645 529 4700 anima
543 4647 547 4714 1
563 4645 603 4700 20
621 4645 688 4698 Man
705 4645 833 4699 erwartet
852 4646 983 4714 »negent«
1001 4641 1060 4712 125
1079 4641 1136 4711 sed]
1156 4641 1220 4697 Cod.
1239 4641 1273 4696 et.
