3744 5524
376 457 417 518 70
937 451 1126 508 Adamantius.
1279 453 1319 507 De
1336 453 1365 507 la
1382 450 1442 507 Rue
1459 452 1484 505 11
1501 452 1683 508 824f-825c.

378 606 496 700 ἠλέησε
520 610 562 682 τὰ
583 610 679 684 κακά.
715 617 808 685 ἔσται
829 606 892 685 οὖν
913 619 1021 698 αἴτιος
1037 622 1109 687 τῶν
1122 623 1240 686 κακῶν
1262 609 1281 686 6
1303 611 1445 705 ἀγαθός·
1467 620 1597 686 ἐκεῖνον
1618 613 1680 703 γάρ

379 738 489 799 φαμεν
514 707 647 798 ἀγαθὸν
669 711 769 798 εἶναι,
797 712 861 784 τὸν
881 710 1086 835 ἀναιροῦντα
1109 717 1151 786 τά
1172 711 1267 786 κακά.
1309 721 1430 806 πολλῷ
1454 714 1515 804 γάρ
1537 722 1681 798 βελτίων

304 819 356 876 825
379 804 397 880 6
419 809 464 899 μή
486 807 689 900 βουλόμενος
711 812 862 883 εἶναι
824 845 868 886 τα
888 813 975 885 κακά
997 821 1060 886 τοῦ
1082 821 1190 887 ταῦτα
1213 821 1383 902 διατηρεῖν
1405 841 1442 884 τε
1460 820 1465 902 Ι
1484 819 1539 884 καὶ
1561 813 1681 900 σώζειν

377 915 592 997 βουλομένου.

344 1029 360 1080 5
461 1017 562 1079 MEF.
600 1011 733 1095 Κακοὺς
748 1013 828 1094 τούς
843 1009 1051 1102 ἀνθρώπους
1074 1007 1176 1098 ὄντας
1198 1011 1383 1103 ῥυσάμενος
1397 1017 1434 1083 ἐκ
1449 1017 1513 1082 τοῦ
1527 1017 1680 1100 πονηροῦ

377 1103 396 1179 6
424 1104 554 1199 ἀγαθὸς
580 1116 739 1199 μετέβαλε
765 1119 822 1182 καὶ
847 1115 1003 1201 ἐποίησεν
1029 1109 1180 1202 ἀγαθούς
1202 1113 1282 1195 τούς
1309 1109 1554 1194 πιστεύσαντας
1576 1107 1678 1198 αύτῷ.

461 1215 527 1279 AA.
561 1206 686 1280 ''666
670 1237 754 1297 εφης
777 1208 964 1300 ρυσάμενον
985 1210 1050 1283 τὸν
1071 1210 1203 1333 ἀγρθὸν
1224 1217 1506 1333 μεταβεβληκέναι
1520 1210 1602 1292 τούς
1622 1205 1679 1280 ἀν-

378 1308 557 1435 θρώπους
568 1312 613 1391 είς
635 1307 849 1431 ἀγαθύτητο,
881 1318 955 1399 λέγε
977 1303 1040 1382 οῦν
1060 1318 1093 1382 τί
1115 1304 1201 1401 ήλθε
1223 1319 1329 1384 σῶσαι
1351 1306 1370 1381 6
1393 1306 1537 1399 ἀγαθός,
1569 1307 1680 1396 ψυχὴν

376 1414 431 1477 καὶ
453 1415 550 1495 σῶμα
571 1405 592 1497 6
613 1405 723 1494 μόνην
745 1408 809 1530 τήν
830 1409 954 1501 φυχήν;

325 1530 358 1582 10
458 1516 560 1579 ίίΕΙῖ
604 1505 724 1630 Μάνην
747 1509 811 1628 τήν
833 1507 955 1599 ψυχήν.

459 1613 524 1677 AA.
564 1603 604 1676 ‘H
619 1608 709 1698 ψυχή
729 1615 792 1681 τοῦ
814 1605 948 1738 ἀγαθοῦ
969 1605 1107 1680 ἐστιν
1086 1637 1105 1697 6
1129 1616 1192 1681 τοῦ
1214 1615 1431 1700 δημιουργοῦ;

459 1714 560 1776 ΜΕΓ.
606 1713 671 1777 Τοῦ
701 1714 948 1798 δημιουργοῦ’
934 1732 1027 1780 εστιν
1055 1704 1075 1796 6
1102 1708 1192 1831 τρυχή
1218 1708 1402 1799 ἐμφύσημα
1444 1702 1502 1780 ὅτε
1524 1699 1586 1778 οὖν
1607 1711 1678 1796 ἐδη·

374 1805 581 1896 μιούργησεν,
613 1804 764 1878 είδεν’
722 1807 829 1896 αυτὴν
851 1808 1007 1898 πονηράν
1026 1815 1083 1879 καὶ
1105 1804 1231 1934 ἀπειθή
1252 1837 1307 1879 και
1330 1807 1460 1895 ταύτην
1481 1803 1677 1895 ἀπέρριφεν

375 1901 395 1976 6
417 1904 565 1994 πονηρὸς
580 1910 615 1978 δὲ
634 1904 810 1996 θεωρήσας
832 1904 1087 1997 ἀποῤῥιφεῑσαν,
1107 1907 1193 1996 πρὸς
1216 1907 1339 1978 ἑαυτὸν
1360 1904 1559 1996 ἐπανήγαγε,
1581 1901 1676 1977 καὶ“
1658 1935 1677 1976 ο

303 2021 354 2076 15b
376 2001 506 2093 ἀγαθὸς
527 2003 662 2128 ἐλεήσας
683 2005 847 2134 ἐρρύσατο
869 2003 978 2096 αύτήν
999 2013 1036 2078 ἐκ
1059 2013 1122 2080 τοῦ
1140 2015 1301 2128 πρνηροῦ.

458 2110 523 2173 AA.
565 2100 763 2224 Ὁάγρθός,
794 2103 979 2196 ῥυσάμενος
1001 2107 1077 2228 τήν·
1090 2106 1200 2196 ψυχήν
1225 2111 1262 2178 ἐκ
1287 2111 1351 2178 τοῦ
1371 2111 1539 2194 πονηροῦ,
1573 2107 1677 2177 ἔδωκε

377 2210 427 2292 τῷ
450 2199 688 2294 δημιουργῷ“
666 2233 686 2293 η
709 2211 846 2294 κατέσχε
867 2202 947 2293 παρ>
970 2208 1095 2297 ἓαυτῷ;

459 2308 576 2390 <mn
619 2310 768 2404 Κατέσχε
790 2301 868 2394 παρ’
892 2307 1027 2395 ἐαυτῷ).

460 2411 522 2472 ΕΥ
522 2410 581 2472 ΤΡ
620 2405 657 2472 Ὠ
685 2411 815 2494 πολλῆς
846 2403 1074 2496 ἀγαθότητος,
1105 2411 1237 2493 μᾶλλον
1268 2409 1303 2475 66
1330 2398 1529 2491 ἀθεότητος
1573 2408 1676 2489 ἔλαβε.

208 2551 216 2568 .
325 2517 359 2568 ‘20
377 2511 472 2590 φησί,
494 2501 587 2592 παρά
608 2508 671 2573 τοῦ
691 2511 854 2593 πονηροῦ,
878 2502 977 2576 ίνα’
956 2501 1169 2593 αποστερήση
1190 2502 1254 2574 τὸν
1277 2502 1483 2594 δημιουργὸν
1505 2533 1570 2576 του
1553 2509 1677 2575 ”·ίδίοι

376 2599 622 2691 ἐμφυσήματος.

459 2708 524 2772 AA.
568 2710 799 2793 Παρασχέσθω
827 2704 888 2786 τάς
909 2700 1095 2790 ἀποδείξεις
1120 2711 1195 2786 πῶς
1217 2698 1382 2792 ἀπέρριψε
1407 2710 1464 2774 καὶ
1485 2709 1677 2776 κατεδίκασε

376 2800 440 2889 τήν
461 2799 572 2890 φυγήν
593 2796 613 2873 6
636 2801 842 2893 δημιουργός.

458 2908 560 2970 ΜΕΙῖ
594 2893 670 2973 Ὅτε
700 2905 824 2991 ἔφαγεν
851 2900 918 2974 ἀπὸ
946 2910 1008 2976 τοῦ
1035 2900 1149 2988 ξύλου,
1183 2893 1223 2975 06
1248 2901 1450 2992 παρήγγειλε
1474 2901 1519 2992 μή
1547 2921 1676 2991 φαγεῖν,

326 3011 359 3062 25
377 2995 455 3071 τότε
477 2997 620 3071 ύπέπεσε
641 3010 835 3090 κατακρίσει
855 3011 911 3074 καί
933 3009 1097 3090 καταδίκη
1119 3009 1176 3072 καὶ
1197 2998 1356 3094 ἀπωλείᾳ.

460 3106 525 3171 ΑΔ.
568 3097 759 3190 Ἀνάγνωθι
780 3109 855 3184 πῶς
876 3109 1053 3191 κατέκρινε
1075 3101 1139 3190 τήν
1160 3098 1280 3192 ψυχήν.

460 3208 561 3269 MEF.
604 3197 790 3289 Ἀνάγνωθι
811 3200 856 3272 τὰ
877 3205 915 3273 ἐ
936 3210 979 3290 τῇ
1002 3207 1134 3272 Γενέσει
1155 3206 1407 3324 ἐγγεγραμμένα.

345 3327 360 3362 c
460 3307 526 3370 AA.
561 3296 797 3388 >Αναγινωσκω
812 3299 877 3389 τήν
892 3330 954 3372 του
939 3297 1211 3422 δημιουργοῦ’
1190 3299 1373 3389 απόφασιν,
1395 3330 1450 3371 και
1439 3299 1678 3421 δειχθήσεται

377 3406 411 3469 τί
432 3398 559 3494 ἐστι
523 3429 564 3470 το
586 3407 843 3485 καταδικασθέν,
866 3396 997 3490 ήηυχὴ
1019 3396 1041 3487 6
1062 3399 1104 3471 τὸ
1126 3407 1232 3489 σῶμα.
1269 3405 1356 3490 λέγει
1377 3400 1441 3518 γὰρ
1462 3395 1586 3484 οῦτως·
1615 3394 1678 3473 ὅτι

375 3496 547 3588 ήκουσας
578 3505 648 3588 τῆς
679 3497 867 3589 γυναικός
897 3523 968 3571 σου
997 3502 1106 3570 καὶ”
1091 3529 1234 3590 εφαγες
1264 3496 1342 3570 ἀπὸ
1370 3506 1442 3571 τοῦ
1468 3499 1603 3587 ξύλου,
1635 3493 1679 3572 ού

375 3596 639 3689 ἐνετειλάμην
668 3598 819 3672 τούτου
846 3597 972 3690 μάνου
1001 3598 1051 3688 μή
1084 3617 1238 3688 φαγεῖν,
1275 3597 1337 3671 ἀπ’
1367 3596 1491 3723 αὐτοῦ
1521 3604 1679 3690 ἔφαγες

375 3697 718 3788 ἐπικατάρατος
698 3729 780 3790 ηγη
764 3705 837 3772 ’ἐν
859 3719 945 3784 τοῖς
961 3703 1094 3789 έργοις
1115 3722 1197 3769 σου·
1219 3703 1261 3771 ἐν
1276 3697 1420 3784 λύπαις
1436 3697 1539 3789 φάγη
1555 3698 1681 3790 αὐτὴν

460 3889 544 3958 ενα]
564 3889 630 3944 σεε.
643 3891 671 3945 3:
686 3893 793 3947 εε-εο.

459 4031 501 4096 ῦίίί
525 4032 556 4085 In
580 4031 606 4086 d.
625 4031 695 4086 HSS.
713 4049 739 4086 u.
758 4033 806 4086 der
825 4019 918 4086 Ubere.
942 4030 989 4085 des
1007 4031 1068 4085 Rus.
1089 4031 1192 4101 sprioht
1209 4031 1317 4084 Marcus
1339 4029 1384 4086 die
1402 4030 1498 4086 Worte
1515 4031 1621 4096 κακοὺς
1638 4031 1680 4085 bis

375 4113 460 4189 αὐτῷ.
496 4115 575 4170 Βίεεε
592 4117 709 4186 Angabo
730 4117 806 4171 kann
830 4115 896 4171 aber
917 4115 996 4169 nicht
1017 4115 1119 4185 riohfig
1141 4115 1207 4170 sein.
1243 4115 1295 4169 Mit
1318 4114 1381 4168 dem
1402 4114 1550 4187 folgenden
1568 4111 1637 4186 ἔφης
1654 4134 1680 4170 u.

374 4197 437 4270 λέγε
461 4200 564 4272 ερτὶοίιί
586 4201 638 4256 Ad.
656 4219 689 4256 zu
711 4201 880 4271 Megethius,
907 4200 981 4255 donn
1003 4198 1092 4254 dieser
1114 4200 1191 4268 giebt
1213 4199 1258 4254 die
1281 4199 1417 4254 Antwort„
1452 4200 1491 4254 Ish
1516 4199 1607 4268 μόνον
1629 4203 1680 4268 τὴν

374 4287 467 4356 ψυχήν
490 4303 544 4340 von
562 4286 634 4356 Meg
652 4287 822 4357 gesproehen
844 4285 967 4351 worden,
995 4283 1070 4338 daun
1093 4284 1153 4338 sind
1172 4285 1242 4338 auch
1260 4282 1411 4348 κακοὺς-
1424 4281 1500 4338 αἰτῶ
1518 4284 1615 4339 Worte
1633 4284 1681 4338 des

375 4370 447 4440 Meg.
463 4371 467 4436 Ι
483 4370 502 4426 8
519 4373 570 4439 τήν
582 4373 675 4442 ψυχὴν
689 4371 709 4425 C
725 4373 729 4441 Ι
744 4373 761 4427 θ
778 4391 795 4440 η
782 4369 908 4439 μόνην]
920 4370 1012 4439 μόνον
1024 4369 1045 4423 F
1057 4368 1108 4422 mit
1120 4389 1136 4436 6
1149 4368 1217 4423 iiber
1227 4368 1277 4423 der
1289 4367 1361 4423 Zeile
1376 4369 1380 4433 Ι
1397 4368 1436 4423 14
1448 4339 1680 4440 ἀιίορῥιφθεῖσαι·

374 4454 415 4523 Fl
448 4455 485 4512 18
504 4459 560 4510 Aus
578 4455 626 4510 der
643 4445 738 4510 Ubere
756 4455 840 4511 Rufi's
858 4455 929 4510 habe
947 4454 991 4508 ich
1010 4456 1099 4510 MEP.
1131 4451 1261 4525 Κατέσχε
1281 4471 1310 4511 τι.
1328 4448 1562 4536 6.hinzugefflg⁴⁶‚
1585 4451 1680 4508 δαείη

373 4539 400 4593 d.
419 4557 459 4610 gr.
478 4540 549 4594 HSS.
566 4540 645 4595 fehlt
681 4541 735 4595 Der
752 4539 856 4594 Ausruf
875 4539 922 4593 des
939 4539 1015 4596 Eutr
1035 4532 1070 4593 Ὠ
1088 4541 1193 4606 πολλῆς
1210 4532 1267 4592 aaz.
1286 4540 1357 4592 εείτί
1378 4537 1439 4592 eine
1459 4540 1616 4608 Ausserung
1633 4537 1681 4591 des

268 4679 271 4686 ,
374 4624 445 4695 Meg.
464 4641 562 4679 vorans
577 4626 582 4692 l
598 4623 638 4678 26
657 4621 845 4697 ἀποστερήσει
864 4623 894 4677 Ε.
