3744 5528
236 515 347 587 Oaspari
365 515 403 570 IV
421 533 443 571 c.
462 520 485 572 7.
502 517 527 572 8.
830 516 939 587 Dialog.

318 689 374 750 Ad.
395 690 434 750 d:
457 685 595 752 Tantum
616 690 714 753 uerbo
736 691 829 752 deum
852 687 1046 751 conditorem
1068 685 1155 750 dicis.

326 789 388 850 Uol.
409 791 448 851 d:
470 785 655 862 Quomodo?

318 890 373 950 Ad
394 890 434 951 d:
455 886 513 952 Ais
528 887 691 952 materiam
707 891 904 968 coaeternam
924 890 990 966 dec,
1011 885 1085 951 huic
1099 906 1259 950 asseueras
1274 887 1455 949 coaetamas
1473 904 1539 948 esse

235 984 410 1068 qualitates.

200 1100 216 1153 5
322 1089 383 1150 Uul.
405 1091 446 1150 d:
467 1084 523 1150 lta.

317 1189 402 1250 Idetr.
424 1190 463 1250 d:
495 1185 529 1250 Si
555 1189 719 1251 coaeterna
745 1190 813 1252 eret
838 1185 969 1251 materia
994 1188 1053 1249 deo
1085 1190 1116 1250 et
1142 1184 1310 1270 qualitates
1335 1181 1539 1247 nihilominus

234 1287 416 1349 coaeternae
437 1285 599 1366 materiae,
625 1285 819 1369 superfluum
841 1291 889 1351 est
910 1289 997 1370 quod
1018 1286 1104 1363 dicis,
1123 1303 1194 1350 'essa
1216 1284 1410 1349 conditorem
1430 1281 1540 1346 mundi

234 1386 334 1462 deum,
366 1389 398 1449 et
422 1385 601 1450 inuenietur
626 1390 681 1449 aut
701 1383 890 1450 Ualentinus
911 1385 993 1449 male
1015 1383 1180 1464 definiisse,
1211 1388 1266 1448 aut
1286 1381 1413 1461 Ualens,
1442 1382 1539 1446 immo

232 1484 337 1566 potius
359 1489 500 1568 uterquc.

181 1593 215 1648 10
316 1604 340 1649 c.
364 1585 465 1665 t'111.
504 1589 559 1650 Ad.
581 1588 620 1649 d:
641 1583 755 1649 Paucis
778 1584 880 1650 adhuc
901 1589 933 1648 te
959 1584 1153 1668 interrogare
1175 1583 1259 1662 uolo,
1286 1579 1452 1647 anlens.
1478 1580 1539 1646 Re·

233 1686 353 1765 sponde
374 1684 460 1749 mihi.

320 1787 381 1847 Uol.
404 1789 443 1849 d:
465 1784 533 1849 Dic.

316 1887 370 1946 Ad.
392 1887 433 1947 d:
464 1883 628 1960 Quomodo
656 1883 734 1948 dicis
762 1882 956 1949 conditorem
983 1885 1096 1948 deum?
1127 1886 1212 1966 quod
1237 1882 1429 1946 substantias
1455 1901 1539 1946 com-

232 1981 402 2046 mutaucrit
426 2005 464 2047 ex
492 2005 529 2050 eo
556 1987 642 2068 quod
670 1987 759 2048 erant
783 1982 816 2046 in
838 1981 935 2060 aliud,
962 1987 999 2046 ut
1020 1985 1124 2047 essent
1144 1981 1224 2046 telas
1251 1981 1359 2064 quales
1382 1984 1454 2044 ante
1475 2001 1539 2045 non

180 2087 213 2141 15
232 2079 339 2147 aient?
361 2085 416 2146 aut
436 2083 627 2148 substantias
652 2084 779 2168 quidem
799 2084 833 2146 in
854 2104 911 2147 suo
934 2086 1018 2146 statu
1041 2080 1247 2160 conseruauit,
1274 2078 1442 2165 qualitates
1463 2100 1546 2148 uero,

232 2202 338 2245 earum
359 2180 393 2244 in
415 2181 501 2246 aliud
523 2183 735 2265 permutauit?
1428 2236 1431 2243 .

318 2285 380 2345 Uol.
394 2285 435 2346 d:
457 2269 563 2365 (Non)
579 2283 705 2348 uidetur
719 2281 798 2346 mihi
818 2280 996 2346 immutatio
1013 2283 1166 2363 quaedam
1182 2279 1265 2343 facta
1281 2300 1356 2358 esse,
1379 2281 1434 2343 sed
1449 2277 1539 2360 quasi

230 2415 269 2424 -
292 2380 354 2444 hoc
374 2380 453 2445 mihi
474 2380 662 2446 uidetur-
682 2381 772 2445 uelut
797 2380 960 2445 conuersio
983 2379 1089 2463 aliqua
1111 2378 1299 2462 qualitatum
1326 2378 1410 2444 facta
1430 2376 1541 2461 magis,

234 2501 271 2543 ex
294 2501 356 2562 quo
380 2485 411 2544 et
433 2482 627 2546 conditorem
649 2483 741 2545 deum
765 2502 832 2545 esse
855 2479 933 2544 dico.
968 2477 1067 2545 Uelut
1088 2479 1116 2542 si
1135 2479 1226 2544 uerbi
1247 2477 1348 2562 gratia
1367 2478 1539 2542 diceremus

179 2579 215 2634 20
234 2581 362 2644 domum
384 2579 500 2645 factam
527 2603 594 2645 esse
620 2601 658 2644 ex
682 2579 854 2662 lapidibus,
881 2579 936 2663 qui
956 2578 1077 2661 lapides
1103 2599 1176 2642 cum
1197 2577 1316 2642 tuerint
1340 2576 1373 2640 in
1396 2575 1538 2640 aedificio

234 2679 408 2744 constructi
427 2679 491 2744 iam
513 2702 576 2745 non
599 2680 746 2744 dicuntur
766 2681 938 2743 secundum
960 2677 1168 2743 substantiam
1192 2677 1326 2762 lapides,
1352 2679 1406 2741 sed
1428 2678 1538 2740 domus

234 2801 272 2842 ex
292 2777 451 2861 lapidibus
473 2780 650 2844 substitisse
670 2779 791 2857 dicitur,
813 2777 858 2842 ita
880 2777 959 2842 mihi
977 2777 1103 2841 uidetur
1122 2776 1216 2840 etiam
1232 2779 1316 2856 deus,
1337 2778 1538 2859 permanente

233 2877 416 2956 substantia,
448 2879 686 2943 conuersioncm
713 2880 870 2961 quandam
897 2875 1007 2941 fecisse
1034 2875 1232 2960 qualitatum,
1262 2898 1300 2940 ex
1326 2898 1389 2960 qua
1413 2874 1539 2940 uidetur

232 2977 326 3041 huius
347 2977 457 3041 mundi
479 3001 497 3040 a
519 2981 577 3044 deo
599 2977 744 3044 machina
765 2980 940 3059 perornata.

182 3083 215 3138 25
317 3082 371 3141 Ad.
392 3082 432 3141 ct:
454 3074 535 3151 Quia
556 3097 631 3162 ergo
655 3076 891 3144 conuersionem
914 3078 1072 3157 quendam
1094 3074 1282 3157 qualitatum
1304 3097 1322 3138 a
1344 3076 1402 3138 deo
1424 3073 1539 3138 factem

233 3175 319 3254 dicis,
341 3177 424 3244 mala
446 3175 614 3259 qualitates
641 3175 701 3241 tibi
722 3174 968 3239 substantiarum
990 3174 1137 3238 uidentur
1158 3195 1233 3253 esse,
1260 3197 1301 3237 an
1327 3172 1539 3238 substantiae?

317 3839 335 3894 Β
354 3838 420 3893 Cod.
433 3839 498 3894 adse
510 3856 588 3893 ueras
603 3839 607 3905 Ι
624 3838 642 3893 8
661 3839 727 3894 Cod.
740 3839 873 3905 definisse,
892 3835 943 3890 mit
962 3836 1002 3889 »i«
1016 3837 1083 3890 tiber
1097 3835 1123 3889 d.
1137 3835 1209 3889 Zeile
1224 3838 1229 3903 Ι
1245 3835 1333 3900 ltus
1353 3833 1417 3890 eod
1431 3834 1539 3889 uidetur

230 3922 298 3976 mihi
320 3922 477 3977 immutatio
500 3923 575 3977 facta
597 3939 655 3978 esse
677 3923 728 3984 sic,
756 3923 834 3991 quasi
856 3921 909 3977 hoe
933 3920 1002 3974 mihi
1023 3919 1132 3974 uidetur
1150 3919 1232 3972 uelut.
1268 3919 1315 3973 leh
1333 3919 1406 3974 habe
1423 3919 1495 3972 nach
1513 3918 1538 3971 d.

230 4026 270 4077 gr.
289 4007 318 4060 Τ.
337 4023 386 4060 vor
405 4007 551 4063 »Uidetcr«
574 4008 664 4063 »Non«
689 4007 871 4076 hinaugetiigt
893 4005 950 4060 und
975 4005 1044 4058 »sie«
1066 4004 1095 4057 in
1122 4003 1199 4058 »sed«
1219 4004 1372 4058 vertudert.
1407 4003 1486 4058 Doch
1502 4003 1539 4056 ist

230 4090 304 4146 wohl
328 4093 397 4145 auch
423 4092 665 4160 »quasi-uelut«
689 4091 767 4145 nicht
788 4090 926 4146 fahlarfrei
949 4089 1031 4158 (nach
1055 4105 1143 4142 »esse«
1168 4091 1296 4142 erwartet
1313 4105 1378 4140 man
1398 4089 1537 4143 »snbstan-

229 4176 356 4230 tiarum«.
375 4176 452 4245 —B)
467 4177 472 4245 Ι
489 4177 526 4232 18
545 4176 609 4230 Cod.
623 4175 814 4245 qualitatuum.
845 4177 871 4231 S.
883 4177 927 4230 ob.
940 4177 1084 4230 addam.
1096 4191 1118 4226 a.
1132 4172 1306 4240 qualitatum.
1335 4161 1471 4241 Ubrigens
1488 4173 1538 4227 hat

229 4259 278 4314 der
295 4259 361 4314 Cod.
380 4259 424 4315 ein
444 4278 490 4315 »a«
510 4261 577 4314 tiber
597 4261 720 4329 »aliqua«
740 4278 765 4314 u.
785 4259 833 4314 »b«
852 4260 921 4314 tiber
939 4257 1163 4330 »qualitatuuma
1193 4255 1278 4312 Wohl
1292 4273 1340 4310 aus
1354 4256 1492 4312 Versehcn
1505 4259 1537 4310 st.

231 4343 278 4398 »b«
298 4344 365 4399 iiber
382 4345 505 4414 »aliqua«
525 4364 551 4398 u.
566 4363 613 4398 »a«
628 4344 696 4399 tiber
714 4345 827 4414 »qual«,
846 4345 874 4398 in
888 4343 1020 4399 walchem
1031 4343 1109 4396 Falla
1125 4342 1214 4411 »qual
1226 4342 1334 4410 aliqua«
1349 4358 1380 4395 cu
1393 4341 1469 4396 lesen
1481 4340 1517 4396 ist
1533 4342 1537 4410 Ι

229 4429 269 4484 20
283 4427 395 4499 factam]
409 4429 475 4485 (lod,
488 4428 588 4484 faciam
604 4433 608 4496 Ι
624 4429 661 4485 21
678 4429 742 4484 God.
755 4429 860 4498 lapides
873 4429 1022 4484 secundum
1040 4427 1229 4492 substantiam,
1248 4425 1299 4480 mit
1312 4425 1338 4478 d.
1352 4426 1463 4479 Buchat.
1483 4443 1537 4491 »c«,

230 4530 286 4576 »a«,
308 4513 356 4567 »b«
376 4514 443 4568 tiber
461 4515 487 4570 d.
505 4513 564 4569 drot
575 4514 692 4569 Worten
707 4515 711 4580 Ι
728 4514 766 4568 2⁶2
786 4513 851 4568 Cod.
864 4513 970 4569 dicetur
984 4513 989 4580 Ι
1005 4513 1044 4567 28
1064 4511 1129 4567 Ood.
1143 4511 1329 4580 qualitatium,
1347 4508 1399 4562 mit
1412 4527 1460 4561 ›u‹
1473 4510 1540 4564 iiber

229 4596 279 4652 »i«.
309 4597 333 4652 S.
353 4597 563 4654 cheddum.
583 4619 605 4655 z.
622 4598 696 4666 qual.
715 4597 719 4666 Ι
740 4598 776 4653 25
795 4597 861 4652 Ood.
880 4597 1064 4666 qualitatuum
1089 4598 1093 4666 Ι
1117 4597 1157 4653 26
1177 4595 1303 4665 qualitas,
1322 4591 1373 4646 mit
1393 4597 1451 4647 »ta«
1471 4594 1539 4649 tiber

228 4681 253 4734 d.
272 4681 298 4734 Z.
315 4683 318 4749 Ι
334 4683 374 4736 lm
392 4683 440 4737 lat.
458 4684 488 4737 T.
507 4683 578 4738 fehlt
596 4682 640 4738 die
658 4672 752 4738 libers.
772 4700 826 4737 von
844 4679 1041 4752 ἀπόκριναι-
1054 4680 1118 4752 λέγε
1136 4683 1177 4750 δὴ.
