3670 5504
879 494 1068 550 Adamantius.
1241 494 1282 550 De
1299 494 1329 548 la
1346 495 1403 550 Rue
1422 496 1434 548 [
1450 495 1644 553 sled—8191).

424 866 525 930 ΜΕΓ.
561 856 688 946 Δανιὴλ
703 863 802 942 λέγει·
823 855 945 939 είδον,
967 864 1032 928 καί
1046 856 1147 942 ίδού,
1170 866 1288 942 λίθος
1302 855 1455 948 ἐτμήθη
1470 863 1510 946 ἐξ
1525 852 1644 949 ὄρους

338 957 433 1030 ἄνευ
456 965 602 1046 χειρῶν
628 961 692 1026 καὶ
719 953 890 1042 ἐπάταξε
917 955 990 1045 τὴν
1014 953 1150 1028 εἰκόνα
1181 960 1261 1044 [ἄνευ
1282 965 1409 1044 xeneam,
1440 966 1504 1029 καί
1533 963 1643 1031 ἐποί-

305 1081 430 1145 εησεν
445 1054 570 1148 αὐτὴν
586 1053 871 1144 ῶςκονιορτόν
892 1062 958 1126 καί
980 1055 1205 1146 ἐξεφυοὴθη
1226 1053 1288 1129 ύπ’
1310 1054 1467 1147 άνέμου.
1503 1052 1522 1129 ό
1545 1065 1645 1140 λίθος

338 1149 380 1247 ἢν
408 1153 460 1247 (ἡ)
487 1161 525 1228 ἐκ
551 1163 636 1228 θεοῦ
661 1161 808 1240 βασιλεία
833 1159 870 1226 ἐν
897 1153 977 1244 δόξη
1005 1162 1191 1246 φαινομένη
1218 1162 1273 1228 καὶ
1295 1153 1316 1246 ἦ
1338 1158 1443 1228 εἰκῶν
1465 1153 1486 1247 ἦ
1507 1161 1559 1229 ἐπί
1584 1163 1645 1247 τῆς

303 1263 397 1347 ῦγῆς
417 1263 566 1344 βασιλεία
589 1260 771 1343 [συστήκεινί.
808 1261 982 1326 Δείκνυται
1004 1247 1067 1326 οῦν
1088 1253 1152 1326 τὸν
1174 1254 1229 1327 διὰ
1251 1253 1357 1343 νόμου
1376 1267 1432 1328 καί
1453 1265 1646 1346 προφητῶν

338 1355 489 1444 Χριστὸν
509 1361 648 1446 μηδέπω
670 1360 885 1445 ἐληλυθέναι·
907 1359 936 1426 εί
957 1355 1020 1444 γάρ
1041 1353 1207 1445 ἐληλύθει,
1231 1351 1293 1428 ούκ
1315 1353 1357 1426 ἂν
1380 1347 1422 1445 ἦν
1437 1357 1535 1445 ἑτέρα
1556 1365 1645 1441 βασι-

338 1464 411 1528 λεία
433 1460 486 1528 ἐπὶ
509 1462 570 1546 τῆς
592 1461 661 1545 γῆς,
684 1452 733 1538 ῶς
755 1452 893 1544 ἐμήνυσε
910 1452 1043 1544 Δανιήλ
1080 1459 1118 1525 ἐκ
1139 1460 1175 1527 δὲ
1196 1459 1260 1525 τοῦ
1272 1450 1383 1538 πάσας
1405 1453 1467 1538 τὰς
1480 1463 1647 1540 βασιλείας

339 1554 517 1645 ουστὴκειν
546 1560 717 1626 δείκνυται
746 1552 849 1644 μήπω
884 1555 1061 1642 ἐληλυθὼς
1093 1549 1113 1625 ό
1145 1552 1199 1626 διὰ
1234 1549 1341 1642 νόμου
1369 1561 1425 1625 καί
1454 1562 1646 1646 προφητῶν

340 1650 496 1743 Χριστός.
1489 1681 1494 1692 ·

289 1763 322 1816 10
422 1759 488 1822 ΑΔ.
535 1752 579 1824 Τὰ
601 1759 739 1837 δικαίως
761 1758 799 1824 ἐν
821 1769 895 1834 ταῖς
916 1769 1059 1841 γραφαῖς
1082 1757 1237 1842 εἰρημένα
1258 1751 1371 1836 βούλει
1393 1749 1518 1835 ἀδίκως
1540 1771 1647 1823 νοεῖν·

341 1856 372 1924 οί
399 1851 461 1942 γὰρ
484 1859 661 1942 προφῆται
686 1859 741 1923 καί
768 1851 810 1924 τὸ
839 1847 1033 1941 εῦαγγέλιον
1057 1850 1118 1924 δύο
1145 1859 1297 1940 Χριστοῦ
1322 1859 1508 1940 παρουσίας
1537 1857 1648 1922 διασα-

342 1958 451 2040 φοῦσι,
473 1959 553 2041 μίαν
574 1957 611 2024 ἐν
631 1950 936 2040 ταπεινοφροσύνῃ,
959 1950 1023 2041 τὴν
1038 1952 1190 2042 πρώτην,
1213 1959 1268 2022 καί
1287 1951 1354 2042 τὴν
1374 1951 1459 2039 μετὰ
1480 1957 1588 2022 ταῦτα
1610 1955 1648 2020 ἐν

312 2047 432 2139 ίδόξη.
473 2059 551 2141 περί
584 2057 645 2140 μὲν
681 2043 743 2124 οῦν
777 2057 839 2141 τῆς
872 2051 1013 2142 πρώτης
1042 2048 1172 2134 Ἠσαίας
1207 2045 1317 2133 οῦτοος
1347 2051 1452 2123 είπεν·
1488 2055 1648 2141 εἴδομεν

342 2147 468 2222 αὐτὸν
489 2157 554 2224 καὶ
577 2147 648 2222 ούκ
670 2152 749 2239 είγε
769 2148 918 2234 κάλλος
940 2143 1032 2221 οῦτε
1054 2152 1173 2235 είδος,
1205 2147 1307 2223 ἀλλὰ
1329 2149 1375 2222 τὸ
1398 2151 1503 2234 είδος
1524 2146 1649 2222 αύτοῦ

291 2253 324 2306 15
342 2250 501 2339 ἄτιμον,
523 2255 713 2323 ἐκλεῖπον
732 2248 831 2340 ύπέρ
852 2251 947 2334 τοῦς
961 2250 1071 2332 υίούς
1086 2257 1168 2322 τῶν
1183 2245 1424 2341 άνθρῶπιον.
1460 2257 1516 2322 καί
1530 2247 1648 2322 πάλιν·

342 2349 430 2422 ίδοῦ
449 2345 468 2422 ό
490 2367 582 2434 παῖς
605 2343 650 2423 όν
671 2347 850 2439 ᾑρέτισα,
873 2345 1131 2440 ὁόγαπητός,
1154 2355 1195 2422 ἐν
1217 2342 1246 2440 ᾧ
1269 2346 1484 2439 εὐδόκησεν
1505 2345 1527 2438 ἦ
1545 2347 1648 2440 φυγή

341 2475 427 2538 μου·
458 2446 529 2522 οῦκ
551 2455 672 2540 ἐρίσει
693 2447 784 2522 οὐδὲ
805 2447 1018 2539 κραυγάσει
1040 2453 1081 2522 ἐν
1105 2467 1189 2534 ταῖς
1216 2455 1438 2533 πλατείαις,
1468 2447 1649 2539 κάλαμον

343 2556 684 2639 συντετριμμένον
718 2546 763 2620 ού
797 2547 995 2636 κατεάξει,
1030 2557 1096 2620 καί
1131 2557 1246 2621 λίνον
1281 2553 1571 2638 τετυφωμένον
1604 2545 1650 2620 ού

274 2665 326 2721 819
344 2655 480 2733 σβέσει.
522 2656 577 2720 καί
595 2655 600 2740 Ι
619 2646 736 2720 πάλιν·
762 2669 886 2738 χαῖρε,
908 2648 1084 2738 θύγατερ
1105 2645 1370 2739 Ἰερουσαλήμ,
1393 2645 1562 2736 σφόδρα,
1584 2645 1648 2737 κὴ·

293 2761 327 2814 20
344 2773 474 2838 ρυοοε,
505 2747 679 2838 θύγατερ
706 2749 829 2820 Σιῶν·
859 2749 947 2821 ίδού
972 2744 991 2821 ό
1017 2747 1198 2833 βασιλεῦς
1230 2775 1301 2822 σου
1328 2753 1484 2838 ἔρχεται
1508 2745 1648 2835 πραῦς,

344 2849 586 2936 ἐπιβεβηκῶς
608 2844 664 2919 ἐπ’
688 2841 798 2932 ὄνον,
821 2846 869 2932 ῶς
891 2855 928 2920 ἐν
950 2856 1000 2939 τῷ
1016 2844 1197 2937 εύαγγελίφ
1220 2847 1408 2938 δεδήλωται
1431 2841 1485 2918 ότι
1506 2856 1650 2930 καθίσας
1697 2915 1707 2936 ,

344 2945 396 3020 ἐπ’
426 2941 510 3019 όνου
539 2951 693 3037 είοῆλθεν
723 2953 769 3031 είς
794 2944 1009 3037 Ἰερουσαλήμ.
1052 2953 1216 3037 τηλαυγὲς
1246 2941 1309 3020 οῦν
1339 2949 1381 3020 τό
1411 2951 1498 3019 ποτε
1522 2953 1584 3036 μὲν
1612 2950 1650 3018 ἐν

345 3045 436 3136 δόξη,
458 3053 543 3119 ποτὲ
566 3053 601 3117 δὲ
623 3051 661 3117 ἐν
681 3045 863 3138 πραότητι·
891 3049 960 3119 οίδε
983 3054 1019 3119 δέ
1041 3047 1105 3136 τὴν
1127 3051 1165 3120 ἐν
1187 3042 1268 3136 δόξῃ
1289 3055 1345 3118 καὶ
1367 3053 1503 3131 Παῦλος
1525 3041 1545 3117 ό
1568 3043 1651 3119 άπό·

345 3156 476 3230 οτολος,
499 3153 620 3234 λέγων·
651 3151 693 3217 ἐν
713 3145 950 3235 κελεύσματι
972 3152 1082 3230 θεοῦ,
1113 3149 1155 3218 ἐν
1178 3154 1293 3236 φωνῇ
1318 3145 1578 3238 ἀρχαγγέλου,
1609 3151 1651 3217 ἐν

293 3269 327 3325 25
346 3254 392 3334 τῇ
414 3243 557 3334 ἐσχάτη
580 3243 767 3336 σάλπιγγι
787 3245 1055 3336 καταβήσεται
1074 3243 1211 3336 κύριος
1234 3243 1295 3318 ἀπ’
1316 3244 1503 3335 ούρανοῦ,
1525 3253 1591 3318 καί
1613 3247 1650 3316 οί

346 3351 480 3432 νεκροὶ
506 3343 797 3434 ἐγερθήσονται
823 3354 993 3435 πρῶτοι,
1025 3349 1162 3417 ἔπειτα
1187 3354 1252 3417 καί
1280 3342 1390 3437 ἡμεῖς
1416 3349 1453 3418 οί
1477 3355 1651 3434 περιλει-

345 3442 513 3534 πόμενοι
534 3447 588 3528 είς
605 3444 915 3535 τὴνπαρουσίον
937 3443 1062 3518 αῦτοῦ
1083 3440 1158 3532 άμα
1180 3446 1250 3518 σῦν
1265 3443 1405 3529 αύτοῖς
1427 3441 1653 3536 άρπαγηοό-

344 3556 445 3634 μεθα
472 3549 513 3616 ἐν
541 3551 728 3632 νεφέλαις
755 3551 809 3629 είς
836 3543 1059 3635 άπάντηοιν
1085 3543 1221 3618 αῦτοῦ·
1252 3547 1372 3628 καθῶς
1397 3551 1452 3615 καί
1479 3540 1499 3616 ό
1527 3543 1653 3633 Δανιὴλ

309 3644 327 3699 b
347 3651 448 3734 λέγει·
470 3646 579 3717 είδον
601 3641 653 3726 ῶς
674 3642 763 3716 υἱόν
785 3642 1008 3734 όνθρῶπου
1029 3645 1093 3718 διὰ
1114 3653 1197 3716 τῶν
1219 3652 1403 3732 νεφελῶν
1425 3641 1651 3734 ἐρχόμενον.

432 3833 512 3902 1-8]
530 3833 600 3888 Dan.
612 3835 640 3889 2:
654 3837 695 3900 34,
708 3835 748 3890 35.
762 3865 794 3874 —-
809 3834 932 3903 18-15]
948 3835 1001 3889 Jes.
1015 3835 1060 3890 53:
1072 3834 1096 3898 2,
1109 3834 1133 3888 3.
1151 3835 1196 3888 52:
1213 3837 1253 3888 14.
1266 3863 1299 3872 -
1312 3832 1434 3900 16-191
1454 3832 1506 3886 ίεα
1518 3833 1566 3888 42:
1579 3833 1652 3888 1-3.

345 3949 378 3958 -
406 3917 526 3988 19-21]
553 3918 709 3973 Ζοοίιθιθ.
739 3917 803 3989 Vgl.
820 3918 873 3975 δεε.
889 3921 935 3974 4οτ
949 3918 1002 3982 θλ,
1025 3919 1070 3973 62:
1085 3920 1124 3974 11.
1150 3949 1184 3957 -
1212 3917 1260 3986 21]
1289 3917 1337 3971 Mt„
1354 3917 1400 3972 21:
1419 3921 1442 3972 7.
1468 3947 1502 3958 -
1529 3917 1652 3988 24-28]

347 4003 613 4068 1Th0ss.4:16,17.
631 4031 664 4044 ·-
684 4003 733 4072 29]
752 4003 917 4058 Dan.7:13.

431 4155 448 4209 2
468 4155 522 4208 Das
540 4155 636 4210 τοιοίδε
653 4151 721 4212 άνευ
739 4163 842 4226 χειρῶν
860 4165 893 4214 <
911 4154 1058 4210 ABDFGH
1075 4155 1131 4210 Pie.
1149 4154 1254 4209 Humfr.
1275 4156 1279 4220 1
1298 4153 1318 4210 4
1335 4153 1352 4224 ἡ
1371 4171 1420 4209 vor
1438 4150 1470 4209 ἐκ
1486 4157 1560 4210 θεοῦ
1577 4163 1610 4212 <
1627 4153 1653 4206 τί.

344 4239 415 4294 Ηθθ.
431 4243 435 4306 l
450 4239 468 4295 5
482 4241 611 4308 συοτιίκει
623 4239 748 4306 ABCFH,
762 4242 909 4310 σνστηκειν
924 4239 949 4293 d.
962 4239 1030 4302 θῦε..
1044 4245 1194 4308 συοτηκνῖα
1206 4237 1256 4292 Th.
1270 4239 1338 4294 Gale
1349 4237 1395 4294 bei
1406 4239 1518 4296 Wettst„
1541 4237 1654 4294 want„

345 4323 458 4379 streioht
480 4323 528 4378 δεε
547 4323 628 4378 Wort
644 4324 701 4378 und
725 4327 860 4380 vermutet
885 4324 948 4378 δεειι
970 4323 1018 4378 des
1035 4323 1230 4379 Abschreibors
1248 4325 1327 4393 Auge
1349 4322 1471 4393 abgeirn
1486 4322 1527 4378 εεί
1545 4324 1596 4378 auf
1609 4321 1653 4376 die

346 4408 442 4463 Worte
460 4405 554 4474 πάσας
570 4406 621 4474 τάς
638 4410 783 4480 βασιλείας
801 4409 956 4476 σνστὴκειν,
975 4407 1019 4463 dio
1035 4408 1103 4464 bald
1120 4407 1222 4478 folgen.
1258 4405 1295 4460 Εε
1315 4406 1387 4462 fehlt
1402 4407 1448 4463 boi
1465 4405 1522 4462 Pio.
1540 4411 1546 4476 Ι
1567 4407 1605 4464 12
1623 4403 1653 4461 ἐν

345 4491 422 4561 δόξῃ]
441 4487 555 4558 ἔνδοξον
573 4493 598 4546 δ
617 4491 700 4556 HSS.;
718 4493 775 4564 vgl.
792 4493 872 4556 8192„
884 4493 910 4547 b.
941 4493 1001 4548 Rus.
1023 4493 1070 4546 »ιίι
1084 4493 1192 4560 ρίοτίαε
1218 4493 1223 4560 1
1248 4493 1286 4547 λδ
1306 4489 1458 4561 ηὐδόκησεν
1476 4491 1498 4546 Β
1523 4493 1527 4558 Ι
1551 4491 1591 4547 22
1608 4493 1651 4558 δη

345 4577 528 4648 λαυγέςΔΟί)
541 4575 637 4632 hieru.
650 4577 745 4632 πείθει
760 4579 764 4642 Ι
780 4578 820 4633 28
838 4577 976 4648 πραότητι
993 4577 1039 4632 FH
1056 4579 1059 4645 ί
1074 4580 1124 4646 τὴν
1143 4573 1173 4632 ἐν
1191 4577 1258 4645 δόξῃ
1276 4575 1403 4642 ABODE,
1421 4574 1472 4632 τδν
1487 4572 1508 4631 ἐ.
1521 4577 1543 4630 δ.
1557 4575 1583 4630 d.
1594 4575 1652 4630 flbr.

345 4661 396 4727 τίγι·
411 4660 544 4730 δευτέραν
561 4663 609 4714 καί
628 4655 743 4727 ἔνδοξον
761 4665 856 4717 Διιεείι
874 4681 894 4716 ε.
912 4660 984 4716 Einl.
1003 4663 1019 4730 ᾗ
1038 4663 1142 4730 10120
1160 4669 1275 4732 πρῶτον
1294 4660 1324 4716 Ε.
