3708 5528
344 459 364 519 4
896 447 1086 502 Adamantius.
1230 445 1271 500 Do
1288 445 1317 500 la
1333 444 1417 500 RueI
1433 445 1511 502 8041)
1521 445 1613 501 -805
1622 445 1650 500 b.

429 618 496 682 ΑΔ.
538 607 705 696 Ἐπίδοξοι
730 616 785 680 καὶ
808 605 868 698 ούγ
890 614 923 683 οί
948 606 1110 697 τυχόντες
1135 605 1300 696 ἀκροαταὶ
1322 606 1489 698 πάρεισιν·
1512 611 1576 696 εἴγε
1597 615 1654 679 καὶ

348 808 452 895 αύτὸς
474 830 547 894 τοῖς
565 807 633 882 ἀπὸ
654 816 715 880 σοῦ
735 805 808 900 μετ’
829 807 993 899 ἀληθείας
1014 816 1215 900 λεγομένοις.

431 1150 534 1213 ΜΕΓ.
577 1141 702 1215 Βούλει
724 1149 867 1229 πρῶτον
889 1145 944 1232 ἐμέ
966 1139 1119 1227 ἐξετάσαι
1140 1147 1177 1213 ἐκ
1198 1149 1272 1213 τῶν
1293 1148 1453 1230 γραφῶν;

314 1248 331 1302 5
431 1248 499 1312 ΑΔ.
540 1236 726 1331 Ὁρισάσθω
755 1247 900 1330 πρῶτον
926 1245 1094 1328 Μεγέθιος
1124 1235 1221 1324 ὅπως
1250 1248 1337 1314 ποτέ
1368 1237 1508 1327 δοξάζει,
1536 1237 1579 1312 ἵν’
1602 1233 1658 1312 ού-

349 1372 420 1425 τως
451 1337 471 1431 ή
502 1346 650 1428 ἐξέτασις
679 1350 735 1412 καί
766 1338 786 1431 ἡ
817 1336 988 1428 ἀπόδειξις
1018 1348 1091 1413 τῶν
1122 1336 1337 1429 δρισθέντων
1358 1346 1396 1413 ἐκ
1418 1348 1492 1412 τῶν
1514 1347 1658 1429 γραφῶν

349 1448 496 1532 γένηται.

432 1549 536 1611 MEF.
576 1536 762 1630 Ὁρισάσθω
787 1548 929 1629 πρῶτον
963 1535 1194 1632 Ἂδαμάντιος,
1231 1537 1336 1624 αύτὸς
1372 1539 1435 1629 γάρ
1465 1535 1657 1629 κατήρξατο

349 1647 414 1713 τού
434 1637 546 1729 λόγου.

300 1749 334 1802 10
433 1747 555 1811 EI'TR
597 1731 752 1829 Εύλογόν
772 1743 843 1811 ἐστι
864 1739 928 1813 τὸν
949 1737 1205 1830 πρααρξάμενον
1227 1736 1334 1812 αύτὸν
1356 1734 1542 1827 ὁρίσασθαι.

434 1845 501 1910 ΑΔ.
536 1833 618 1910 Ἕνα
641 1839 726 1913 θεὸν
746 1849 802 1912 καί
823 1847 964 1928 κτίστην
986 1847 1042 1910 καὶ
1064 1838 1267 1930 δημιουργὸν
1290 1847 1364 1911 τῶν
1385 1835 1553 1911 ἀπάντων
1575 1837 1660 1908 εἶναι

352 1947 559 2012 πεπίστευκα
587 1945 643 2010 καὶ
673 1939 737 2012 τὸν
768 1943 803 2027 ἐξ
833 1936 940 2011 αύτού
970 1938 1055 2011 θεὸν
1083 1936 1190 2028 λόγον
1211 1935 1402 2030 δμοούσιον,
1424 1935 1474 2010 ἀεὶ
1497 1931 1582 2010 ὄντα
1604 1941 1660 2007 καὶ

316 2033 404 2111 δέκ’
427 2033 580 2127 ἐσχάτων
604 2047 736 2128 καιρῶν
762 2037 956 2129 ἀνθρωπον
983 2043 1020 2109 ἐκ
1041 2045 1174 2125 Μαρίας
1195 2035 1426 2124 ἀναλαβόντα,
1453 2045 1508 2109 καὶ
1530 2042 1660 2108 τοῦτον

353 2144 601 2227 σταυρωθέντα
629 2147 686 2211 καὶ
717 2135 913 2211 ἀναστάντα
943 2143 980 2209 ἐκ
1003 2146 1142 2227 νεκρῶν.
1191 2138 1340 2212 πιστεύω
1362 2145 1473 2210 δὲκαὶ
1500 2144 1553 2229 τῷ
1575 2133 1660 2226 ἀγίω

303 2250 336 2304 1ο
355 2235 521 2327 πνεύματι
542 2243 594 2327 τῷ
618 2234 667 2309 ἀεὶ
690 2232 776 2311 ὄντι.
818 2233 993 2328 δρισάσθω
1015 2244 1049 2309 δέ
1071 2245 1126 2310 καί
1146 2231 1258 2322 οὗτος.

281 2343 333 2400 805
437 2343 541 2408 MEI'.
583 2333 665 2427 Ἐγώ
689 2367 774 2430 φημι
789 2337 874 2410 εἶναι
889 2355 977 2426 τρεῖς
993 2334 1108 2426 ἀρχάς,
1130 2337 1217 2410 θεόν
1238 2337 1301 2410 τὸν
1322 2343 1454 2426 πατέρα
1476 2342 1540 2408 τοῦ
1557 2345 1562 2420 Ι
1582 2342 1661 2424 Χρι-

357 2443 440 2510 στοῦ
470 2433 603 2526 ἀγαθόν
633 2445 690 2510 καί
716 2437 825 2511 ἀλλον
852 2436 915 2510 τὸν
943 2437 1145 2526 δημιουργὸν
1174 2446 1230 2511 καὶ
1258 2441 1376 2528 ἕτερον
1403 2437 1468 2510 τὸν
1498 2432 1662 2526 πονηρόν.

356 2531 375 2608 ό
396 2535 460 2626 γάρ
483 2534 613 2626 ἀγαθὸς
634 2529 713 2610 ούτε
740 2535 945 2629 δημιουργός
965 2541 1037 2609 ἐστι
1063 2546 1137 2609 τῶν
1157 2545 1284 2622 κακῶν,
1308 2542 1386 2624 [οὔτε
1408 2543 1440 2605 ἐκ
1460 2538 1599 2626 γυναικὸς
1619 2563 1662 2622 γε·

355 2641 509 2725 γίννηιαι,]
540 2629 619 2708 οὔτε
650 2631 669 2708 δ
696 2634 821 2727 κόσμος
848 2630 951 2721 οὗτος
976 2642 1012 2723 ἐξ
1033 2633 1141 2708 αύτοῦ
1164 2635 1456 2728 δεδημιούργηται,
1480 2632 1663 2724 ἀλλότριος

304 2743 339 2798 20
355 2741 391 2809 δὲ
421 2733 531 2826 πάσης
556 2745 675 2820 κακίας
699 2743 756 2808 καὶ
781 2736 913 2821 παντὸς
939 2743 1003 2810 τού
1023 2733 1334 2828 δημιουργήματος,
1360 2745 1418 2808 καὶ
1440 2744 1539 2823 δείξω
1561 2731 1661 2808 ταῦθ’

356 2831 469 2921 οὕτως
491 2839 584 2926 ἐχειν.

438 3143 506 3207 ΑΔ.
547 3131 662 3224 Ἀρχάς
689 3139 814 3225 ἔφησας
839 3139 927 3208 εἶναι
958 3155 1058 3223 τρεῖς·
1093 3134 1222 3226 ἀνάγκη
1254 3161 1289 3208 σε
1321 3128 1340 3206 ὃ
1367 3140 1555 3226 ἐπηγγείλω
1579 3145 1665 3222 πλη-

358 3245 477 3326 ρῶσαι·
508 3232 590 3324 ἀρχή
612 3232 677 3325 γάρ
700 3262 758 3322 μοι
779 3239 874 3308 δοκεῖ
893 3241 1049 3326 λέγεσθαι
1070 3235 1124 3308 διά
1147 3234 1187 3308 τὸ
1211 3235 1325 3325 ἀρχειν
1348 3234 1451 3320 τινός,
1476 3233 1590 3322 ῶσπερ
1610 3238 1664 3304 καὶ

357 3336 473 3426 κύριος
495 3340 626 3424 λέγεται
656 3335 712 3407 διὰ
742 3333 783 3406 τό
813 3334 977 3425 κυριεύειν
1008 3343 1129 3409 τινῶν·
1167 3345 1262 3418 τίνος
1293 3342 1412 3407 τοίνυν
1443 3335 1601 3425 ἄρχουσιν
1631 3336 1666 3404 αἱ

305 3461 340 3516 25
360 3455 447 3524 τρεῖς
468 3431 581 3524 ἀρχαί;
610 3431 806 3524 ἀποκρίνου.

441 3576 544 3638 ΜΕΓ.
586 3563 627 3638 ‘H
643 3565 756 3660 ἀγαθή
778 3565 861 3658 ἀρχή
884 3577 959 3641 τῶν
981 3576 1199 3658 Χριστιανῶν
1222 3569 1323 3658 ἀρχει,
1347 3566 1368 3659 ή
1390 3573 1426 3640 δέ
1447 3565 1665 3659 δημιουργική

361 3677 434 3742 τῶν
452 3665 632 3754 Ἰουδαίων,
655 3663 676 3757 ἦ
698 3672 734 3739 δὲ
754 3667 888 3758 πονηρά
910 3675 985 3740 τῶν
1005 3673 1165 3742 ἐθνικῶν.

322 3819 341 3872 b
442 3807 509 3874 ΑΔ.
549 3791 752 3890 Ὁμύφρονες
780 3810 838 3873 καί
872 3810 1034 3875 κοινωνοί
1069 3807 1150 3876 εἰσιν
1182 3805 1215 3874 οἱ
1246 3821 1336 3891 τρεῖς
1366 3796 1388 3890 ἢ
1419 3797 1518 3874 ούδέν
1548 3798 1667 3873 κοινόν

360 3907 471 3992 έχουσι
491 3899 578 3991 πρὸς
600 3898 784 3991 ἀλλήλους;

308 4059 344 4114 3ο
444 4043 546 4106 MEP.
592 4031 698 4106 Ούδὲν
719 4034 838 4108 κοινὸν
860 4038 971 4126 έχουσι
992 4035 1079 4125 πρὸς
1101 4033 1276 4127 ἀλλήλους.

444 4175 511 4239 ΑΔ.
557 4169 596 4237 Οί
619 4187 708 4257 τρεῖς
736 4174 791 4241 ἐπὶ
817 4169 858 4242 τὸ
886 4167 971 4242 αύτὸ
992 4168 1168 4260 γενόμενοι
1189 4171 1340 4242 ἔπλασαν
1361 4165 1383 4258 ἢ
1405 4165 1668 4259 ἐδημιούργησαν

448 4421 535 4488 lello
553 4421 605 4476 Die
616 4420 714 4477 Worte
732 4416 797 4479 ούτε
806 4453 839 4462 -
850 4419 1015 4493 γεγέννηται
1032 4424 1153 4494 gehbren
1169 4423 1247 4478 nicht
1258 4441 1320 4478 zum
1333 4421 1561 4495 urspriingli'ohen
1572 4421 1667 4485 Texbm

362 4503 408 4559 die
425 4503 603 4576 Erwahnung
629 4505 678 4561 der
701 4505 806 4562 Geburt
832 4527 886 4564 von
908 4505 999 4563 einem
1021 4507 1119 4563 Weibe
1140 4507 1178 4562 ist
1200 4507 1259 4564 hier
1282 4507 1436 4578 unpassend
1457 4507 1514 4562 und
1537 4507 1609 4563 fehlss
1625 4507 1669 4563 bei

360 4589 474 4645 Rufinus
488 4591 494 4661 l
509 4591 547 4646 19
566 4587 583 4645 δ
601 4600 634 4650 <
649 4591 744 4661 Migne
758 4594 763 4660 Ι
778 4591 817 4647 22
837 4585 977 4663 έρησενΔ
995 4593 1057 4662 (mit
1074 4611 1109 4658 ας
1125 4593 1193 4648 fiber
1210 4593 1252 4662 εν)
1270 4591 1359 4648 B¹DE
1377 4593 1484 4648 Humfr.
