3744 5524
355 483 412 544 124
912 469 1101 526 Adamantius.
1240 469 1282 526 De
1298 469 1327 525 1α
1344 470 1403 524 Rue
1420 469 1459 522 111
1476 469 1657 528 sset-8371).

438 644 541 706 ΜΕΓ.
588 631 655 706 Ούκ
679 639 740 705 είσὶ
761 641 805 722 τῇ
826 629 964 722 δυνάμει
985 637 1059 704 ίσαι.
1095 631 1139 722 μὴ
1162 639 1305 721 γένοιτο.
1342 639 1430 722 λέγει
1452 630 1514 722 γάρ
1537 626 1556 704 ά
1580 641 1659 722 Χρι-

355 734 436 820 στὸς
466 741 504 808 ἐν
533 743 585 824 τῷ
622 730 817 824 εὐαγγελίῳ·
852 729 983 814 οὐδεὶς
1018 730 1185 804 δύναται
1219 737 1276 815 είς
1310 729 1386 821 τήν
1421 737 1553 804 οἰκίαν
1588 739 1660 805 τοῦ

354 841 537 926 πονηροῦ
564 839 761 906 εἰσελθεῖν
787 840 853 908 καὶ
879 831 926 903 τά
952 829 1071 921 σκεύη
1100 829 1224 904 αύτοῦ
1254 828 1480 920 διαρπάσαι,
1515 832 1584 904 ἐάν
1610 831 1659 922 μή

354 943 520 1024 πρῶτον
548 933 645 1024 δήση
673 931 745 1005 τὸν
770 928 946 1021 ἰσχυρόν·
978 938 1078 1020 δηλοῖ
1102 923 1163 1002 οὖν
1190 924 1246 1002 ὅτι
1271 935 1365 1020 ἔδησε
1397 930 1460 1004 τὸν
1490 929 1658 1016 διάβολον,

320 1051 336 1104 ο
354 1033 570 1125 ἰσχυρότερος
592 1031 653 1119 ὢν,
675 1039 731 1105 καὶ
754 1031 796 1104 τά
818 1029 918 1121 σκεύη
940 1027 1048 1102 αύτοῦ
1069 1031 1193 1116 ἔλαβεν.
1231 1037 1350 1118 σαφῶς
1365 1025 1384 1101 ὁ
1399 1029 1514 1120 κύριος
1536 1035 1659 1118 ἔδειξεν

356 1130 411 1208 ὅτι
434 1129 536 1217 ὄντας
558 1130 643 1224 ἡμᾶς
665 1139 727 1204 τοῦ
748 1137 901 1222 πονηροῦ
922 1129 1094 1218 ἐρρύσατο.

282 1249 332 1304 837
438 1239 505 1306 ΑΔ.
541 1239 583 1304 Ec
596 1239 658 1322 μὲν
678 1232 741 1321 γὰρ
760 1239 872 1318 ψιλῶς
891 1239 895 1317 ί
916 1233 1037 1318 εἴρηκε·
1060 1237 1135 1301 τοῦ
1156 1235 1336 1318 πονηροῦ
1357 1235 1414 1299 καὶ
1436 1226 1521 1319 ούχί·
1544 1229 1661 1320 σκεύη

355 1340 429 1405 τού
450 1338 644 1423 πονηροῦ,
668 1333 749 1420 εἶχες
765 1359 798 1402 τι
812 1337 934 1419 λέγειν·
958 1336 1019 1400 νῦν
1035 1334 1070 1400 δὲ
1086 1325 1218 1416 φάσκει·
1241 1326 1358 1418 σκεύη
1373 1336 1446 1400 τοῦ
1466 1337 1659 1419 πονηροῦ,

355 1439 463 1519 δείξας
486 1426 541 1504 ὅτι
562 1437 600 1503 ἐν
621 1429 734 1520 χρήσει
754 1431 825 1518 ἔσχε
846 1436 902 1501 καὶ
924 1425 987 1500 ούκ
1005 1424 1112 1499 αύτοῦ
1135 1420 1188 1517 ήν,
1214 1420 1295 1499 οὔτε
1316 1426 1405 1499 κατὰ
1426 1435 1561 1519 ποίησιν
1583 1426 1661 1500 ούδὲ

305 1547 338 1601 10
356 1531 476 1620 (κατὰ)
498 1537 628 1620 κτήσιν,
651 1527 737 1601 ἀλλά
752 1528 840 1601 κατά
855 1535 982 1618 χρήσιν,
1004 1534 1203 1616 βιαζομένου
1217 1524 1258 1598 τὸ
1274 1523 1468 1616 ἀλλότριον.
1502 1547 1663 1618 μαρτυρεῖ

357 1637 392 1702 δὲ
420 1630 555 1714 τούτοις
577 1635 713 1712 Παῦλος
741 1635 861 1719 λέγων·
893 1626 1024 1714 ὥσπερ
1050 1623 1328 1716 παρεστήσατε
1354 1625 1403 1698 τά
1428 1633 1524 1718 μέλη
1551 1625 1662 1718 ὑμῶν

356 1736 542 1818 δούλατή
565 1726 698 1820 ἀδικίᾳ
719 1736 784 1798 καὶ
807 1735 854 1816 τῇ
877 1724 1101 1819 ἀκαθαρσίᾳ
1122 1732 1178 1810 είς
1200 1721 1386 1815 ἀνομίαν,
1409 1723 1515 1799 ούττο
1536 1755 1661 1816 παρα-

355 1827 529 1918 στήσατε
564 1828 612 1900 τά
646 1835 744 1916 μέλη
779 1835 834 1916 τῷ
865 1834 947 1917 θεῷ
983 1831 1109 1898 δοῦλα
1139 1834 1189 1914 τή
1225 1825 1469 1915 δικαιοσύνῃ.
1512 1829 1595 1918 ἔφης
1625 1833 1660 1898 δὲ

356 1927 541 2018 ἄφθαρτον
568 1933 623 1998 καὶ
651 1923 817 2016 ἀγένητον
846 1927 931 1998 εἶναι
958 1925 1023 2016 τήν
1043 1925 1152 2015 κακήν
1175 1922 1302 1998 ούσίαν.
1344 1933 1373 1998 εί
1395 1919 1458 1997 οὖν
1480 1925 1661 2016 ἄφθαρτος

306 2039 337 2094 15
357 2024 376 2118 ή
400 2035 463 2100 τοῦ
485 2033 592 2098 κακοῦ
611 2023 715 2110 ούσία,
736 2033 886 2116 ματαίως
903 2022 1020 2115 κάμνει
1043 2019 1061 2096 ὁ
1081 2019 1201 2113 Ἰησοῦς
1222 2025 1430 2116 πειρώμενος
1445 2022 1596 2114 ἀναιρεῖν
1617 2026 1662 2098 τά

318 2133 336 2186 b
356 2124 456 2212 κακά,
480 2125 525 2217 μή
548 2122 716 2213 δυνάμενα
738 2122 967 2214 ἀναιρεθῆναι.
1011 2131 1086 2206 πῶς
1107 2115 1169 2196 οὖν
1192 2127 1321 2195 ἔπαθεν
1343 2129 1398 2196 ἵνα
1419 2123 1484 2197 τὸν
1505 2123 1661 2198 θάνατον

356 2225 539 2314 καταλύοη,
562 2223 693 2314 τὸνμὴ
715 2222 897 2314 λυόμενον,·
922 2221 1107 2314 ἀγενήτους
1127 2221 1191 2313 γάρ
1213 2221 1428 2314 ἀμφοτέρους
1449 2232 1504 2296 καὶ
1527 2222 1661 2314 ἀφθάρ-

358 2353 437 2408 τους
465 2329 555 2414 ἔφης.
598 2321 724 2397 ούκοῦν
750 2341 947 2412 παραχωρεῖ
965 2317 1088 2412 ἀτερος
1115 2329 1251 2413 θατέρῳ
1276 2321 1468 2412 ἀφανίσειας
1492 2326 1603 2410 ἕνεκα·
1633 2331 1662 2397 εἰ

356 2422 433 2513 γάρ,
465 2423 594 2496 τούτου
621 2433 770 2498 τοσαῦτα
798 2422 889 2496 δεινὰ
916 2428 1101 2506 ποιοῦντος
1127 2429 1189 2494 τοῦ
1214 2429 1333 2508 κακοῦ,
1364 2421 1428 2496 ούκ
1453 2420 1661 2496 ἐκάλυσενά

305 2541 339 2597 20
359 2521 497 2612 ἀγαθάς,
525 2522 604 2596 οὐδὲ
626 2522 668 2597 ἀν
689 2525 871 2614 συνεχώρει
894 2518 913 2594 ὁ
939 2521 1043 2606 κακὸς
1069 2527 1213 2612 λυθῆναι
1239 2522 1283 2594 τά
1303 2520 1424 2608 αὐτοῦ,
1456 2520 1661 2614 ἀμφοτέρων

357 2623 444 2696 κατά
466 2631 502 2696 σὲ
523 2621 701 2715 ἀγενήτων
722 2633 778 2696 καὶ
798 2620 992 2712 ἀφθάρτων
1015 2616 1138 2694 ὄντων.

441 2729 574 2814 (ΕῩΤΡ.
619 2730 660 2796 Εἰ
685 2730 746 2814 μὲν
772 2723 835 2814 γάρ
862 2720 1026 2813 ἀγένητος
1052 2718 1072 2812 ή
1098 2731 1156 2813 μία
1179 2719 1263 2811 ἀρχή
1286 2729 1342 2793 καὶ
1365 2718 1385 2812 ἦ
1408 2722 1505 2811 ἑτέρα
1527 2719 1661 2812 γενητή,

359 2825 424 2911 εἶχε
446 2820 551 2914 λόγον
572 2821 806 2912 ύιιοτετάχθαι
824 2821 866 2896 τὸ
889 2828 1033 2912 γένητον
1055 2828 1106 2912 τῷ
1125 2819 1288 2912 ἀγενήτῳ,
1310 2829 1366 2892 καὶ
1382 2820 1424 2893 τὸ
1445 2828 1505 2911 μὲν
1520 2818 1663 2910 φάσκειν

444 2979 526 3047 2—4]
545 2979 594 3033 Mn
608 2981 652 3034 12:
665 2979 706 3034 29.
724 3009 757 3018 -
777 2978 900 3047 11-18]
918 2979 996 3033 Rom.
1009 2978 1037 3032 6:
1052 2979 1091 3033 19.

443 3115 490 3180 415
505 3115 530 3167 d.
542 3113 627 3168 Hss.:
645 3115 714 3183 θὴση
731 3111 782 3169 τὸν
794 3111 1019 3184 ἰσχυρότερον-
1030 3109 1144 3182 ἰσχυρὸς
1155 3105 1205 3168 ὢν.
1231 3111 1306 3168 Rufi:
1324 3113 1463 3180 sortem-
1471 3112 1580 3180 sortior.
1597 3112 1662 3168 Ver·

356 3200 461 3253 bessert
472 3216 528 3254 von
541 3198 652 3268 Caspari
667 3200 671 3266 1
686 3200 703 3254 ο
721 3205 821 3268 σαφῶς
834 3195 850 3252 ὁ
862 3196 986 3268 Χριστὸς
997 3197 1045 3250 FH
1060 3199 1064 3264 Ι
1083 3198 1097 3252 7
1111 3197 1177 3251 Man
1193 3200 1321 3252 orwartet
1332 3194 1368 3253 τὰ
1380 3203 1431 3253 τοῦ
1443 3204 1578 3268 πονηροῦ,
1597 3197 1663 3251 aber

356 3282 497 3337 vielleioht
513 3284 565 3336 hat
582 3282 630 3338 der
649 3282 722 3338 Verf.
740 3283 798 3336 sich
815 3298 945 3353 ungenau
962 3281 1148 3352 ausgodrssckt
1162 3281 1199 3350 18
1216 3275 1274 3352 εἶχε
1292 3281 1314 3336 F
1329 3283 1333 3350 Ι
1350 3282 1390 3338 10
1408 3279 1481 3338 κατὰ
1500 3289 1534 3341 <
1551 3279 1577 3335 d.
1589 3280 1662 3336 HSS.

355 3366 405 3420 Die
427 3365 660 3437 Anfangsbuchst.
681 3385 706 3422 v.
729 3367 819 3422 κτίσιν
840 3366 951 3420 ίτδυυαο
973 3365 1022 3420 das
1045 3365 1187 3420 Ausfallen
1211 3367 1364 3420 vemnlasst
1385 3365 1484 3422 haben.
1520 3366 1568 3420 leh
1590 3366 1663 3420 habe

354 3449 433 3505 nicht
449 3453 561 3521 gewagt
579 3448 643 3506 οὐδὲ
660 3450 690 3504 in
708 3443 773 3507 οὔτε
791 3469 825 3506 το
848 3450 966 3518 andern,
988 3449 1052 3505 weil
1076 3449 1124 3504 dor
1143 3449 1215 3506 Verf.
1233 3449 1314 3505 beide
1331 3450 1429 3507 Worte
1452 3451 1493 3507 oft
1510 3451 1663 3521 promiscue

354 3533 507 3602 gebraueht
521 3535 525 3604 Ι
539 3535 647 3605 κτῆσιν]
666 3535 756 3592 κτίσιν
775 3535 800 3589 d.
818 3535 898 3604 HSS„
916 3536 977 3590 auf.
1012 3535 1116 3589 Jedoeh
1134 3533 1171 3589 ist
1187 3540 1285 3602 κτῆσιν
1303 3534 1364 3589 hier
1381 3535 1549 3605 notwendig‚
1571 3537 1662 3592 κτίσιν

353 3645 387 3663 ==
399 3619 513 3688 ποίησιν
527 3621 532 3686 l
546 3619 711 3676 Auffallend
728 3619 765 3674 ist
780 3617 961 3692 βιαζομένου,
979 3617 1038 3674 hier
1049 3618 1101 3674 mit
1118 3615 1206 3675 αὐτοῦ
1224 3615 1258 3688 ήν
1276 3637 1309 3674 zu
1326 3619 1485 3674 verbinden.
1514 3620 1570 3676 Der
1587 3620 1660 3674 Verf.

353 3703 448 3758 wollte
460 3720 557 3774 sagon:
575 3705 632 3760 Aue
644 3705 693 3760 Mt„
708 3705 752 3759 12:
765 3705 799 3762 29
816 3706 885 3774 geht
895 3704 973 3759 nieht
984 3705 1084 3760 hervor
1101 3703 1164 3758 dass
1180 3703 1231 3757 wir
1247 3703 1296 3758 du
1308 3701 1457 3772 Eigentum
1476 3702 1524 3760 deu
1536 3703 1663 3774 πονηρὸς

353 3805 458 3854 waram
486 3786 521 3845 τὰ
540 3787 625 3858 σκεύη
642 3791 693 3844 hat
710 3789 759 3844 der
776 3807 840 3844 τιον.
858 3789 948 3844 weder
968 3789 1136 3859 gesehaffen,
1159 3790 1232 3844 noch
1254 3787 1434 3859 reohtmflssig
1455 3790 1609 3854 ατττοτοαα,
1632 3806 1662 3844 er

352 3871 448 3926 maoht
465 3872 555 3927 davon
567 3891 619 3926 nur
632 3872 786 3938 Gebraueh,
804 3873 897 3928 indem
916 3891 944 3927 er
962 3873 1001 3928 sie
1020 3873 1109 3928 einem
1122 3871 1242 3927 anderen
1255 3873 1486 3941 raubt118-2l
1506 3871 1543 3928 Εἰ
1559 3870 1615 3944 γάρ
1628 3903 1660 3912 -

353 3951 454 4027 ὄντων]
473 3957 528 4012 Dor
544 3957 648 4012 Τατίου
665 3961 801 4028 receptus:
831 3957 863 4012 Τί
881 3955 948 4030 γάρ,
972 3955 1076 4014 τούτου
1096 3963 1222 4013 τοσαῦτα
1234 3988 1267 3996 -
1280 3954 1404 4030 ἀγαθύς;
1427 3955 1491 4014 οὐδὲ
1509 3955 1565 4032 γάρ
1584 3973 1660 4013 συνε-

351 4038 440 4114 χώρει
457 4036 515 4098 κτὲ.
544 4041 637 4096 Allein
649 4041 773 4097 A¹B¹EG
790 4043 895 4098 haben:
914 4039 941 4098 εί
956 4039 1012 4114 γὰρ
1024 4043 1058 4096 τί.
1069 4043 1097 4096 τί
1114 4039 1178 4115 γάρ,
1196 4041 1254 4095 und
1266 4040 1337 4098 dazu
1349 4043 1457 4098 stimmt
1467 4041 1552 4099 Βαλίε
1566 4031 1660 4097 Ubera.

355 4127 397 4180 »αι’
413 4131 491 4180 tanta
508 4127 613 4181 οοιίατο
628 4126 735 4194 faciem
752 4132 813 4183 σιλι
844 4129 902 4182 Αυα
920 4125 968 4182 der
979 4127 1034 4181 LA.
1048 4124 1076 4182 εἰ
1092 4127 1165 4197 folgt
1182 4127 1245 4180 dass
1262 4125 1315 4181 mit
1333 4123 1396 4183 οὐδὲ
1413 4127 1479 4182 hein
1496 4143 1580 4182 οααατ
1597 4125 1661 4182 θεία

352 4210 482 4282 ansam,
504 4210 562 4265 und
585 4211 647 4266 dass
669 4209 725 4285 γὰρ
746 4211 900 4268 verdorben
923 4210 960 4266 ist
982 4228 1030 4266 aus
1055 4206 1091 4266 ἂν
1114 4213 1118 4280 Ι
1142 4211 1222 4268 m.
1244 4211 1296 4266 Die
1313 4210 1387 4266 Reda
1406 4211 1453 4266 des
1471 4211 1547 4267 Eutr.
1565 4207 1593 4268 εί
1607 4209 1661 4280 μὲν

352 4293 408 4369 γὰρ
420 4326 452 4335 -
466 4293 650 4369 ἰσχυροτέρου
669 4290 753 4362 ὄντος
769 4295 806 4351 ist
823 4313 878 4352 von
895 4297 957 4352 Rus.
974 4297 1053 4351 nieht
1068 4297 1213 4352 fibersehzt.
1243 4295 1483 4351 Wahrsoheinlioh
1500 4297 1550 4350 hat
1567 4313 1598 4352 er
1614 4312 1660 4366 ge·

351 4381 439 4446 ίιθττί,
457 4380 494 4435 σα
511 4381 550 4437 sie
568 4381 660 4436 niehts
672 4381 762 4437 Neues
780 4379 897 4435 enthfflt.
926 4379 964 4434 Ει
980 4381 1018 4436 ἰαί
1035 4398 1105 4452 ganz
1123 4379 1172 4434 der
1184 4379 1368 4437 Gewohnheiss
1385 4379 1433 4436 dos
1450 4379 1526 4436 Εοίτ.
1545 4383 1659 4450 gemb-ss,

352 4464 397 4520 die
408 4467 579 4535 Argumenta
596 4465 644 4521 dos
655 4465 708 4521 Ad.
721 4483 755 4520 zu
769 4465 986 4536 recapitulieren,
1004 4466 1069 4530 und,
1087 4481 1168 4520 wenn
1181 4464 1290 4539 σφόδρα
1304 4462 1446 4538 ἀπηρυθρ.
1458 4459 1515 4520 κτὲ.
1528 4463 1573 4519 die
1584 4461 1659 4518 Fort-

353 4552 470 4620 τούτους
491 4549 540 4605 der
557 4549 650 4606 Reden
669 4550 716 4606 dos
732 4549 784 4607 Aa
802 4553 888 4618 αὔτα,
911 4549 1005 4605 warde
1022 4549 1070 4604 der
1087 4549 1161 4606 Verf.
1179 4567 1216 4606 m.
1234 4549 1265 4605 n.
1284 4549 1395 4623 σφόδρα
1413 4541 1464 4606 οὖν
1482 4547 1660 4619 ροεοίιάαοαιι

351 4633 451 4688 haben.
485 4633 549 4690 Rus.
567 4635 662 4690 macht
679 4635 765 4690 selbot
782 4633 843 4690 eino
861 4635 1044 4706 Verbindung
1061 4633 1178 4690 mittelst
1197 4636 1345 4690 »Verum«.
