3708 5528
376 483 415 546 32
931 479 1120 536 Adamantius.
1339 481 1379 535 De
1397 481 1426 534 1ο,
1442 479 1500 536 Rue
1517 480 1682 536 18142—41

375 645 451 721 πώς
473 634 586 728 ήγάπα
608 639 689 722 τούς
710 642 853 730 ἐχθροὺς
868 637 927 726 οῦς
940 639 1144 714 ἀπέστελλεν
1166 648 1211 724 εἰς
1233 641 1274 714 τὸ
1290 639 1412 724 σκότος
1433 641 1475 714 τὸ
1497 645 1683 733 ἐξώτερον;

377 742 415 809 ἐν
437 736 551 826 τούτῳ
573 746 656 811 ποία
679 736 807 830 ἀγάπη·

461 845 563 910 ΜΕΠ
604 835 657 909 Ἐν
678 848 730 930 τῷ
755 838 851 931 νόμῳ
874 846 974 932 λέγει·
1005 837 1220 930 ὀφθαλμόν
1252 838 1342 913 ἀντὶ
1372 837 1586 930 ὀφθαλμοῦ
1616 852 1682 914 καὶ

378 931 526 1008 ὀδόντα
549 935 640 1010 ἀντὶ
663 935 845 1026 ὀδόντος,
871 937 889 1011 δ
912 947 947 1014 δὲ
968 941 1090 1029 κύριος,
1113 937 1244 1028 ἀγαθός
1265 939 1325 1026 ὧν,
1348 948 1435 1026 λέγει
1456 946 1493 1012 ἐν
1515 950 1564 1032 τῷ
1587 939 1681 1032 εὐαγ-

343 1045 491 1128 5γελίῳ·
513 1035 582 1109 ἐάν
607 1044 665 1122 τίς
687 1065 727 1110 σε
749 1041 894 1128 ῥαπίση
917 1046 972 1123 είς
993 1039 1067 1130 τήν
1084 1037 1262 1128 σιαγόνα,
1285 1039 1464 1128 παράθες
1484 1039 1593 1130 αὐτῷ
1616 1049 1681 1113 καὶ

378 1136 453 1226 τήν
476 1137 611 1226 άλλην.

460 1243 527 1307 ΑΔ.
572 1245 772 1322 Καλλίστώς
797 1247 853 1310 καὶ
881 1235 1049 1328 ἁρμοδίως
1076 1245 1248 1311 τέθεινται
1273 1243 1307 1310 οί
1334 1247 1447 1326 φωναί
1472 1245 1682 1328 νομοθεσίας.

379 1333 399 1426 ι]
420 1341 480 1427 μέν
496 1335 558 1426 γάρ
573 1337 696 1426 πρώτη
717 1343 754 1409 ἐν
777 1347 828 1429 τῷ
852 1335 956 1427 νόμῳ,
980 1335 1197 1429 ὀφθαλμόν
1219 1336 1310 1411 ἀντὶ
1332 1335 1559 1428 ὀφθαλμοῦ,
1583 1337 1681 1430 φόβῳ

378 1444 610 1524 συγκέκραται,
642 1431 738 1520 ὅπως
763 1436 808 1527 μή
835 1467 886 1521 τις
913 1435 1063 1528 τολμήσῃ
1091 1444 1241 1527 θατέρου
1267 1434 1450 1529 ὀφθαλμόν
1475 1445 1597 1526 ἐξελεῖν
1626 1446 1681 1510 καὶ

328 1554 361 1608 10
378 1535 575 1608 παύσωνται
598 1543 659 1625 τής
680 1536 767 1624 πρός
788 1534 955 1627 ἀλλήλους
976 1546 1201 1626 μνησικακίας.
1239 1536 1352 1626 ώσπερ
1372 1531 1434 1609 οὐν
1456 1543 1492 1610 ἐν
1514 1545 1565 1628 τῷ
1588 1536 1682 1628 νόμῳ

341 1630 398 1706 bo‘
422 1631 529 1722 φόβος
550 1635 698 1708 ἐκώλυσε
720 1635 785 1726 τήν
805 1634 927 1726 μάχην,
959 1633 1053 1708 οῦτοι
1075 1644 1129 1708 καὶ
1156 1642 1194 1708 ἐν
1216 1643 1266 1727 τῷ
1290 1634 1470 1727 εὐαγγελίῳ
1492 1636 1556 1710 τόν
1577 1635 1683 1709 αὐτόν

380 1732 513 1826 τρόπον
533 1735 723 1806 κεκώλυται
744 1735 789 1825 μὴ
812 1736 865 1808 διὰ
888 1737 928 1808 τό
951 1733 1127 1824 ἐλάχιστον
1151 1735 1298 1826 ῥάπισμα
1319 1733 1507 1824 ἀντιλέγειν
1527 1744 1582 1806 καὶ
1602 1764 1683 1825 μνη-

381 1853 540 1919 σικακεῖν,
571 1831 646 1908 ἀλλ’
673 1840 774 1907 είκειν
802 1842 858 1905 καὶ
884 1843 1073 1907 πείθεσθαι.
1117 1842 1225 1907 ταῦτα
1254 1843 1373 1907 τοίνυν
1398 1839 1468 1906 ἐστί
1494 1832 1600 1922 φόβος
1627 1843 1682 1905 καὶ

380 1939 546 2018 ἐπιείκεια,
570 1930 744 2024 ἀμφότερα
758 1933 890 2024 εἰρήνης
908 1934 1205 2009 κατασκευαστικά·
1226 1943 1281 2006 καὶ
1297 1930 1334 2019 ὃς
1348 1941 1409 2024 μὲν
1424 1934 1477 2006 διά
1492 1933 1556 2005 τόν
1574 1932 1683 2021 φόβον

330 2051 362 2104 15
380 2039 550 2104 πέπαυται
573 2040 632 2123 τῆς
652 2031 767 2123 μάχης,
790 2029 827 2116 ῦς
850 2042 884 2107 δὲ
906 2034 960 2105 διά
982 2042 1043 2124 τῆς
1066 2040 1240 2118 ἐπιεικείας
1259 2035 1324 2124 τήν
1344 2032 1479 2123 εἰρήνην
1500 2030 1681 2123 ἠσπάσατο.

382 2138 410 2203 εἰ
436 2139 471 2204 δὲ
498 2130 604 2219 μόνον
630 2137 667 2203 ἐν
693 2141 743 2223 τῷ
771 2131 865 2224 νόμῳ
892 2133 954 2217 τάς
980 2131 1225 2218 ἀνταποδόσεις
1251 2140 1407 2222 λελέχθαι
1433 2140 1550 2222 λέγεις,
1582 2133 1684 2204 άκουε

382 2238 445 2302 τοῦ
466 2228 658 2321 εὐαγγελίου
679 2239 851 2320 λέγοντος·
879 2225 907 2323 ᾧ
929 2255 1112 2323 μετρεῖτε
1138 2240 1268 2325 μέτρῳ
1292 2231 1683 2322 ἀντιμετρηθήσεται

381 2328 480 2419 ὐμῖν.
516 2329 643 2420 μάθετε
666 2337 873 2420 σαφέστερον
890 2337 927 2403 ἐκ
949 2341 1013 2405 τοῦ
1029 2332 1135 2406 αὐτοῦ
1157 2331 1350 2422 εὐαγγελίου
1364 2329 1419 2404 ότι
1435 2333 1574 2416 ἕκαστος
1595 2331 1684 2404 καθὸ

349 2435 502 2520 οέπραξε
519 2439 623 2503 τοῦτο
639 2439 817 2520 κομίζεται,
841 2430 953 2524 ώσπερ
976 2430 1190 2522 ὀφθαλμὸν
1212 2430 1301 2504 ἀντὶ
1324 2429 1555 2519 ὀφθαλμοῦ,
1577 2436 1615 2504 ἐν
1634 2439 1684 2522 τῷ

330 2540 364 2596 20
383 2536 485 2617 λέξαι·
509 2523 551 2614 ῦς
573 2531 620 2602 ἄν
640 2559 685 2622 με
707 2527 928 2622 ἀρνήσηται
950 2535 1176 2621 ἐμπροσθεν
1198 2541 1279 2603 τών
1302 2529 1545 2619 ἀνθρώπων,
1568 2526 1685 2620 ἀρνή-

382 2655 498 2718 σομαι
520 2629 626 2720 κάγώ
654 2628 780 2702 αὐτόν
807 2635 1034 2720 ἔμπροσθεν
1057 2640 1127 2704 τοῦ
1147 2629 1298 2719 πατρός
1319 2660 1394 2720 μου
1416 2639 1487 2701 τοῦ
1509 2636 1550 2702 ἐν
1571 2627 1685 2718 οὐρα-

382 2749 473 2812 νοῖς.
518 2736 682 2802 δέδεικται
712 2741 829 2802 τοίνυν
859 2740 915 2803 καί
946 2731 999 2804 διὰ
1027 2729 1133 2819 νόμου
1157 2740 1213 2803 καί
1240 2729 1293 2804 διά
1320 2737 1384 2802 τοῦ
1414 2727 1605 2819 εὐαγγελίου
1631 2723 1684 2800 ότι

383 2831 523 2912 ἕκαστος
548 2829 635 2916 πρός
661 2828 683 2900 ἃ
704 2827 846 2918 πράττει
868 2829 953 2919 πρός
980 2830 1043 2903 τόν
1064 2829 1214 2920 ἀδελφόν
1237 2828 1356 2916 αὐτοῦ,
1387 2836 1492 2902 τοῦτο
1514 2847 1686 2918 κομιεῖται

465 2937 568 2999 MEF.
602 2925 635 2998 Ὁ
656 2927 837 3019 προφήτης
859 2937 921 3001 τοῦ
936 2939 1019 3002 θεοῦ
1041 2938 1102 3020 τῆς
1117 2938 1278 3020 γενέσεως
1299 2934 1336 3000 ἐκ
1355 2936 1481 3018 δρυμοῦ
1502 2934 1683 3016 [Ελισσαῑος]

331 3046 364 3100 25
384 3028 499 3118 ἄρκτῳ
535 3027 629 3099 εἶπεν
664 3033 813 3114 ἐξελθεῖν
847 3036 902 3100 καὶ
937 3050 1146 3120 καταφαγεῖν
1181 3030 1262 3113 τοῦς
1295 3027 1558 3118 ἀπαντήσαντας
1590 3026 1684 3120 αὐτῷ

383 3134 517 3210 παῖδας·
549 3123 568 3197 ό
594 3133 630 3197 δὲ
658 3125 786 3216 ἀγαθός
812 3127 938 3218 κύριος·
970 3129 1106 3218 άφετε,
1138 3139 1233 3219 φησί,
1265 3128 1311 3200 τά
1337 3136 1475 3200 παιδία
1502 3131 1688 3217 ἔρχεσθαι

384 3223 482 3317 πρός
502 3249 560 3313 με·
591 3235 675 3298 τών
703 3227 774 3316 γάρ
797 3228 998 3301 τοιούτων
1019 3235 1127 3301 ἐστίν
1152 3228 1171 3319 ἦ
1193 3237 1371 3314 βασιλεία
1392 3236 1474 3299 τών
1497 3226 1688 3317 οὐρανῶν.

438 3345 440 3350 “
467 3333 533 3396 ΑΔ.
571 3326 644 3416 Χρὴ
660 3332 780 3398 τοίνυν
795 3325 1002 3419 ἀμφοτέρων
1017 3337 1092 3401 τών
1106 3336 1252 3401 παιδίων
1266 3327 1327 3409 τάς
1348 3326 1580 3416 προσελεύσεις
1600 3329 1688 3400 ίστο-

348 3432 495 3515 δρήσαι,
523 3433 577 3494 καὶ
600 3431 629 3497 εί
649 3431 709 3516 μὲν
732 3431 798 3498 ίσαι
820 3433 903 3500 εἰσίν
925 3431 958 3499 αί
979 3435 1211 3519 προσαγῳγαί,
1240 3420 1275 3498 εὐ
1298 3425 1340 3498 ἀν
1363 3431 1445 3515 ἔχοι,
1471 3433 1540 3498 ἐστὶ
1562 3428 1624 3516 γὰρ
1647 3425 1687 3498 τό

333 3541 368 3598 30
384 3531 454 3598 πᾶν
480 3529 591 3594 αἴτιον
618 3545 691 3609 τοῖς
712 3535 919 3614 προσιοῦσιν.
962 3529 994 3598 οί
1015 3535 1077 3618 μὲν
1098 3537 1149 3619 τῷ
1173 3535 1311 3618 Χριστῷ
1333 3525 1625 3616 προσεληλυθότες
1647 3523 1687 3599 δι’

384 3621 536 3713 εὐλογίας
556 3624 760 3714 προσῄεσαν·
783 3631 815 3698 οἱ
838 3634 873 3700 δὲ
893 3627 947 3698 διά
967 3627 1090 3717 χλεύην
1112 3635 1166 3699 καί
1188 3623 1285 3715 ὕβριν
1300 3623 1534 3698 ἐπεσπάσαντο
1557 3628 1689 3709 ἑαυτοῖς

386 3719 533 3812 ὀλεθρον
555 3725 717 3813 θηριώδη.
762 3732 926 3798 δέδεικται
948 3727 1010 3816 γάρ
1033 3721 1088 3799 ότι
1109 3729 1195 3816 πρὸς
1217 3726 1238 3798 ά
1259 3725 1402 3815 πράττει
1425 3727 1572 3810 ἕκαστος,
1594 3721 1688 3797 οῦτοι

384 3832 564 3915 κομίζεται.
612 3829 744 3896 δίκαιον
779 3835 899 3898 τοίνυν
935 3826 1016 3909 τοῦς
1051 3823 1352 3917 προσεληλυθότας
1389 3835 1502 3910 λαβεῖν
1538 3822 1689 3914 εὐλογίας

470 3995 523 4065 δώ]
547 3995 633 4051 Exod.
647 3999 691 4052 21:
710 3998 755 4062 24,
778 3998 841 4052 Lev.
854 3999 898 4052 24:
917 3999 962 4063 19,
986 3998 1065 4053 Deut.
1079 4001 1123 4055 19:
1140 4001 1180 4053 21.
1200 4029 1232 4037 -
1252 3997 1304 4066 δίθ]
1323 3997 1372 4050 Mt.
1386 4001 1413 4053 5:
1432 3999 1477 4064 39,
1500 3998 1545 4052 Le.
1557 4000 1585 4054 6:
1598 4001 1639 4055 29.
1656 4027 1701 4072 -‚

386 4081 477 4150 1:118]
496 4082 546 4136 Mt.
560 4083 586 4135 7:
600 4082 624 4134 2.
647 4111 680 4120 -
704 4081 828 4150 20-22]
848 4084 896 4137 M:
912 4085 956 4139 10:
970 4084 1010 4136 33.
1034 4113 1067 4121 -
1085 4084 1130 4153 25]
1149 4083 1247 4138 2Κσα.
1261 4083 1289 4137 2:
1302 4083 1343 4136 24.
1361 4111 1395 4121 -
1414 4083 1512 4152 2θί27]
1531 4083 1579 4137 M:
1593 4084 1636 4138 19:
1650 4085 1690 4148 14,

385 4166 723 4233 mwmmffiffi

471 4302 487 4357 1
508 4297 671 4356 ἀπέστειλεν
690 4300 716 4354 Η
736 4301 740 4366 Ι
760 4301 779 4356 9
798 4296 911 4370 ἐξελεῖν]
931 4297 1034 4366 ἐξεῖλαι
1052 4302 1200 4371 A¹131110
1217 4299 1376 4358 παύσονται
1393 4301 1441 4355 DE
1457 4304 1461 4368 Ι
1477 4301 1516 4356 24
1533 4300 1588 4355 Der
1604 4299 1692 4354 Νεωε

384 4379 539 4450 Ἐλισσαῖος
557 4385 632 4439 steht
654 4383 682 4437 in
699 4383 726 4438 Η
743 4385 815 4438 nach
836 4387 945 4450 παῖδας.
982 4386 1121 4440 Zwisohen
1138 4389 1246 4459 δρυμοῦ
1261 4404 1288 4440 u.
1306 4379 1401 4460 ἀρκτῳ
1420 4387 1517 4456 ςείεδεό
1534 4401 1563 4438 er
1579 4385 1690 4439 ebenso·

385 4470 484 4540 wenig.
519 4469 556 4523 Er
576 4469 614 4522 is:
635 4468 733 4539 gewiss
755 4487 810 4524 von
832 4469 921 4525 einem
939 4471 1020 4525 Leser
1037 4487 1072 4524 an
1090 4471 1143 4525 den
1160 4470 1240 4524 Rand
1258 4471 1437 4540 geschrieben
1457 4469 1514 4524 und
1531 4487 1586 4524 von
1603 4469 1691 4522 einen:

386 4554 499 4608 Absohs.
517 4554 547 4607 in
565 4552 618 4606 den
635 4552 665 4605 T.
683 4552 893 4622 ausgenommen
910 4555 1041 4621 worden!
1058 4555 1096 4610 28
1116 4551 1270 4628 ίστορῆσαι]
1289 4557 1434 4627 θεωρῆσαι
1452 4553 1487 4607 H¹
1504 4554 1561 4620 181
1582 4547 1692 4617 ἑαυτοῖς

386 4637 502 4708 riehtige
520 4637 597 4707 Gonj.
617 4635 788 4702 Wettsbeins‚
807 4637 857 4694 σὺν
875 4636 971 4705 αὐτοῖς
989 4639 1014 4694 d.
1032 4639 1110 4706 HSS„
1129 4639 1185 4710 vgl.
1203 4639 1264 4694 Rus.
1285 4640 1358 4707 »ι’μεί
1374 4639 1453 4692 mhi«.
