3744 5524
221 481 332 553 Caspari
349 483 388 537 111
406 498 429 537 o.
447 483 552 538 13-1v
571 499 593 540 c.
610 483 635 538 2.
814 483 922 554 Dialog.
1463 489 1522 551 137

302 657 377 717 Mar.
399 656 438 717 ct:
460 651 647 730 Quomodo?

300 755 356 815 Ad
377 755 416 817 d:
438 750 519 829 Quia
540 771 657 837 aerugo
679 775 743 818 non
763 751 948 819 naturaliter
973 751 1056 818 inest
1080 748 1216 824 metallo,
1246 752 1302 816 sed
1328 749 1442 816 accidit
1467 772 1525 834 per

218 848 450 934 neglegentiam
479 852 546 917 eius
576 853 632 936 qui
659 853 807 935 possidet.
848 850 897 916 lta
926 870 1002 936 ergo
1032 855 1064 915 et
1090 852 1167 915 deus
1193 852 1311 934 absque
1337 850 1404 916 ulla
1430 850 1523 934 culpa

217 949 379 1016 habendus
394 955 449 1030 est,
467 951 521 1034 qui
535 951 710 1037 fulgentem
725 956 757 1017 et
770 951 969 1035 splendidum
983 950 1114 1016 rationis
1128 951 1269 1029 nitorem,
1289 949 1406 1015 liberae
1423 950 1522 1016 facul·

183 1049 290 1114 5tatis
312 1050 484 1129 arbitrium,
510 1051 631 1116 homini
653 1051 739 1117 dedit
764 1051 817 1116 uel
838 1051 958 1136 angelis
984 1072 1040 1134 per
1065 1051 1151 1135 quod
1172 1071 1205 1114 se
1225 1049 1435 1128 imitarentur,
1461 1049 1523 1132 ipsi

217 1171 292 1216 uero
315 1151 370 1233 qui
391 1150 549 1233 hocopus
571 1153 726 1236 optimum
747 1156 778 1216 et
798 1149 1033 1235 praefulgensa
1052 1151 1111 1215 deo
1133 1153 1296 1233 acceptum
1315 1147 1522 1233 neglexerunt

217 1271 273 1332 per
299 1271 388 1314 suam
414 1249 645 1335 neglegentiam
672 1251 848 1318 causasibi
873 1250 907 1314 in
934 1249 1069 1315 deterius
1091 1248 1223 1333 collapsi
1244 1254 1344 1314 status
1366 1249 1522 1315 exstitisse

218 1349 364 1413 credendi
385 1351 468 1414 sunt.
503 1347 578 1416 Non
601 1351 685 1414 enim
706 1349 849 1416 naturale
871 1351 924 1430 eis,
946 1352 1001 1414 sed
1022 1351 1166 1414 accidens
1188 1348 1306 1413 malum
1328 1353 1383 1415 est

299 1446 397 1532 (distr.
419 1453 457 1513 d:
483 1446 727 1515 Euidentissime
754 1449 848 1515 etiam
875 1452 914 1514 de
939 1449 989 1515 his
1017 1447 1163 1533 apparuit
1187 1451 1360 1513 secundum
1382 1471 1418 1514 ee
1440 1471 1519 1532 quae

166 1556 200 1612 10
216 1551 400 1630 prosecutus
431 1551 479 1612 est
502 1548 711 1614 Adamantius
742 1552 827 1633 quod
857 1571 922 1614 non
952 1549 994 1612 sit
1019 1547 1106 1612 aliud
1135 1546 1256 1630 aliquid
1284 1548 1461 1632 ingenitum
1490 1553 1521 1612 et

215 1644 389 1711 increatum
409 1652 533 1731 praeter
551 1670 648 1713 unum
668 1650 769 1728 deum,
791 1654 822 1713 et
840 1651 907 1714 siue
931 1650 1073 1715 homines
1095 1647 1162 1713 siue
1181 1646 1286 1732 angeli
1308 1651 1521 1730 competenter

214 1744 298 1811 insto
321 1745 387 1811 eius
409 1746 526 1814 iudicio
551 1749 738 1822 iudicentur,
766 1769 845 1832 quos
871 1749 1049 1814 libertatem
1076 1749 1192 1812 habere
1214 1746 1356 1830 singulos
1378 1768 1521 1832 quosque

215 1844 264 1909 sui
285 1849 410 1910 constat
430 1847 572 1932 arbitrii.)

688 1945 819 2016 (Explicit
836 1945 906 2001 liber
924 1945 1039 2014 tertius.)

163 2187 196 2242 15
618 2179 666 2247 IV.
690 2178 819 2264 (Incipit
839 2179 922 2247 liber
943 2179 1100 2264 quamue.)

294 2347 457 2408 Drosertcas
486 2349 581 2410 dicit:
616 2344 833 2428 Disputationi
863 2351 986 2411 nestrae
1017 2347 1224 2412 attentissime
1260 2367 1366 2410 aurem
1397 2367 1518 2412 accom-

211 2445 339 2508 modaui
354 2446 392 2523 et
408 2444 522 2508 Marini
536 2443 588 2509 uel
603 2467 712 2511 eorum
733 2445 788 2530 qui
808 2467 879 2510 oum
897 2445 968 2529 ipso
987 2446 1124 2529 agebant
1142 2445 1330 2528 imperitiam
1349 2446 1516 2528 peruidens

213 2548 243 2608 et
264 2547 385 2620 notans,
404 2542 501 2608 uelim
522 2565 623 2626 pauca
645 2565 716 2610 cum
737 2544 804 2609 filio
826 2566 897 2609 meo
913 2544 1104 2610 Adamantio
1127 2545 1269 2609 conferre
1291 2565 1475 2609 sennonem.

294 2647 350 2709 Ad.
367 2647 407 2708 ct:
432 2641 481 2707 lta
506 2643 611 2708 facito.
648 2641 710 2708 Sed
732 2647 959 2727 consequenter
984 2643 1072 2726 prius
1100 2665 1221 2727 expone
1247 2642 1336 2708 onius
1359 2643 1516 2728 dogmatis

159 2752 193 2808 20
211 2742 319 2808 uenies
340 2747 484 2821 assertor,
505 2747 538 2808 et
557 2743 602 2807 ita
624 2743 845 2827 disputationis
867 2743 1030 2808 exordium
1051 2743 1115 2809 fiet

293 2847 382 2907 Droe.
403 2846 444 2908 d:
465 2841 592 2927 Dogma
614 2843 743 2926 quidem
764 2843 898 2908 defendo
913 2840 1085 2923 Ualentini,
1106 2843 1168 2907 uiri
1185 2841 1279 2906 ualde
1298 2843 1376 2907 recti
1396 2843 1515 2906 tenacis

211 2945 242 3006 et
263 2941 318 3025 qui
338 2941 471 3006 idoneus
493 2941 535 3006 sit
555 2945 686 3007 suadere
706 2963 764 3008 uos
786 2964 893 3008 omnes
919 2944 1003 3008 unde
1025 2943 1067 3008 sit
1093 2941 1237 3008 diabolus
1263 2945 1294 3006 et
1319 2943 1403 3006 unde
1424 2941 1514 3020 mela,

211 3046 249 3121 et
270 3041 298 3106 si
319 3040 453 3115 uidetur,
475 3039 548 3126 lego
569 3041 662 3108 nobis
683 3042 761 3108 haec
781 3042 851 3126 ipsa
873 3064 953 3126 quaa
974 3042 1085 3107 definit
1105 3041 1302 3107 Ualentinus.

292 3145 379 3206 aaa.
401 3145 440 3205 d:
466 3138 587 3217 Quodsi
612 3141 740 3206 inuenta
768 3141 886 3207 fuerint
912 3164 949 3206 ea
976 3163 1056 3228 quae
1082 3139 1271 3207 Ualentinus
1298 3140 1407 3205 definit
1432 3145 1514 3205 stare

158 3248 191 3302 25
209 3259 274 3306 non
293 3261 395 3323 posse,
417 3239 621 3322 respondebis
643 3245 680 3305 tn
700 3264 757 3326 pro
779 3242 828 3308 his
851 3244 1018 3308 aduersum
1040 3263 1179 3325 eaquae
1201 3241 1364 3308 dicentur?

290 3343 379 3406 Dr0a
400 3345 440 3404 d:
466 3339 613 3405 Arbitror
638 3339 766 3424 quidem
794 3345 888 3425 quod,
914 3342 942 3406 si
967 3341 1092 3426 legatur
1113 3340 1206 3407 uobis
1232 3340 1374 3407 definitio
1395 3338 1512 3406 Ualen·

207 3439 275 3520 tini,
295 3438 453 3504 neminem
474 3460 567 3521 posse
589 3439 810 3506 contradicere.
850 3438 925 3506 Non
952 3442 1035 3507 enim
1056 3441 1129 3507 uilis
1151 3441 1266 3525 aliquis
1291 3442 1341 3506 uir
1366 3441 1429 3506 fuit
1459 3441 1514 3524 qui

206 3541 287 3603 hano
308 3539 461 3622 exposuit
496 3535 624 3618 Tamen,
645 3539 672 3604 si
693 3541 765 3622 quis
787 3540 1019 3623 contradixerit,
1040 3561 1099 3626 ego
1120 3541 1325 3625 respondebo.

289 3643 377 3704 Ereta.
398 3643 438 3704 d:
458 3637 596 3724 Legatur
616 3641 732 3722 dogma
753 3637 924 3706 Ualentini.

155 3743 189 3798 30
289 3759 314 3803 c.
335 3739 389 3807 11.
425 3745 567 3816 (Definitio
586 3745 748 3816 Ualentini):
771 3737 883 3819 Hodie,
905 3761 977 3804 cum
998 3740 1147 3816 uenirem,
1171 3740 1237 3805 uidi
1259 3743 1338 3806 duos
1358 3743 1512 3824 quosdam

290 4223 308 4278 2
327 4222 393 4278 (lod.
411 4223 528 4279 acccidit
542 4225 547 4292 1
563 4225 582 4281 4
600 4225 666 4280 Cod.
684 4221 793 4294 fulgens
812 4223 817 4292 Ι
836 4221 902 4278 God.
921 4222 1062 4288 nationis!
1078 4225 1096 4280 8
1115 4223 1181 4279 Cod
1199 4225 1241 4280 est
1256 4224 1369 4290 malurn,
1389 4223 1441 4277 mit
1460 4222 1507 4276 ab«

204 4307 273 4363 uber
293 4310 363 4362 »est«
382 4325 409 4362 u.
429 4326 476 4362 ›a‹
494 4309 562 4364 fiber
581 4309 716 4364 »malum«
733 4310 737 4376 Ι
752 4308 847 4364 9-18
867 4307 909 4363 Ob
928 4307 1016 4364 dieser
1032 4307 1167 4382 Epilogus
1183 4308 1213 4363 in
1230 4307 1283 4364 dan
1301 4327 1341 4379 gr.
1359 4307 1430 4362 Hss
1448 4323 1509 4361 sus·

204 4391 338 4463 gelassen,
355 4391 422 4447 oder
438 4411 494 4449 von
506 4393 566 4448 Rui.
579 4393 761 4465 hinzugefligt
777 4393 822 4460 ist,
840 4394 897 4448 und
914 4392 965 4447 das
979 4411 1092 4465 voraug.
1105 4392 1167 4448 dem
1179 4393 1230 4448 Ad.
1244 4393 1349 4463 gehdrt
1367 4409 1446 4462 wage
1463 4391 1509 4446 ich

204 4477 281 4532 nicht
298 4494 332 4531 au
352 4475 536 4533 enmcheiden.
554 4479 622 4531 —B
642 4480 647 4548 Ι
667 4479 706 4535 18
725 4478 790 4535 Cod.
809 4479 937 4533 constant
960 4479 965 4547 t
989 4479 1076 4546 uno
1093 4477 1259 4549 Explicit-
1272 4479 1392 4546 quartus.
1428 4476 1509 4532 Dieec

204 4549 377 4617 Uberschrift
394 4560 482 4617 bildet
499 4561 560 4617 eine
578 4562 650 4619 Zeila
667 4563 724 4617 und
740 4563 777 4617 ist
794 4562 846 4617 mit
863 4564 937 4618 roter
948 4562 1029 4618 'liuto
1047 4563 1224 4634 geschrieben
1238 4563 1243 4630 Ι
1259 4561 1299 4618 24
1319 4561 1384 4619 Οοὰ.
1403 4561 1507 4626 delinit,

204 4645 256 4699 mit
274 4661 320 4698 »a«
339 4645 407 4701 ilber
426 4646 488 4702 »it«.
523 4646 648 4718 Gasparis
665 4649 763 4717 daeg:
782 4645 886 4703 definit.
904 4647 972 4702 —B
988 4649 992 4716 Ι
1007 4647 1048 4704 8⁰
1067 4646 1132 4704 eod.
1150 4646 1270 4702 Ualenti.
