3744 5528
364 491 421 553 160
917 482 1106 538 Adamantius.
1244 483 1285 538 Do
1301 484 1331 539 la
1347 486 1405 540 Rue
1422 484 1462 539 IV
1478 487 1661 542 8460-8470.

445 653 505 716 ΔΡ.
546 641 631 717 Ἀλλ’
658 645 724 733 ἐγώ
749 641 824 716 κατ’
853 641 969 717 ούσίαν
994 655 1051 718 καί
1074 641 1155 718 καθ’
1181 642 1366 719 ὑπόστασιν
1393 655 1479 738 λέγω
1507 649 1592 720 είναι
1618 649 1662 721 τὰ

361 743 459 818 κακά·
482 741 501 818 ό
522 746 585 834 γὰρ
607 741 735 834 τρόπος
757 749 1005 830 ἐπισυμβαίνων
1027 750 1127 818 ίστίν.

292 853 342 908 847
444 853 511 917 ΑΔ.
549 842 675 917 Ἔκθου
703 852 821 931 σαφῶς
856 841 877 914 ἃ
912 852 1018 934 λέγεις
1045 851 1049 934 Ι
1078 851 1132 917 καί
1161 842 1240 918 καθ’
1270 843 1459 919 ύπόστασιν
1489 849 1573 920 είναι
1604 856 1662 920 καί

361 941 435 1018 κατ’
457 943 583 1017 οὐσίαν.

328 1057 344 1110 5
445 1054 505 1117 ΔΡ.
540 1039 620 1116 Ὅσα
646 1039 665 1116 ό
689 1043 792 1133 νόμος
815 1039 1041 1132 ἀπηγόρευσεν
1065 1049 1175 1116 ἐκεῖνα
1196 1051 1284 1134 λέγω
1310 1044 1410 1130 κακό,
1442 1047 1518 1119 οίον
1541 1046 1662 1133 φόνον,

361 1151 520 1235 μοιχείαν,
541 1143 685 1234 κλοπήν,
707 1152 872 1232 πορνείαν
893 1151 949 1214 καὶ
972 1137 1033 1216 ὅσα
1055 1139 1074 1215 ό
1096 1143 1201 1234 νόμος
1223 1141 1431 1236 ἀπαγορεύει

446 1252 512 1315 ΑΛ.
554 1241 607 1315 Ἕκ
633 1251 707 1316 τῶν
733 1240 991 1332 συμβεβηκότων
1017 1249 1088 1316 ἐστὶ
1113 1253 1222 1317 ταῦτα
1243 1243 1369 1316 πάντα·
1401 1239 1481 1318 οὔτε
1505 1243 1569 1336 γάρ
1591 1251 1663 1318 ἐστι

362 1343 471 1432 φόνος
494 1341 599 1428 ούσία,
622 1337 702 1414 ούτε
723 1340 827 1414 πόλιν
849 1339 870 1432 ῆ
890 1351 1030 1431 μοιχεία,
1053 1337 1132 1415 οότε
1153 1373 1186 1415 τι
1201 1352 1275 1416 τῶν
1290 1341 1421 1434 όμοίων
1435 1353 1564 1417 κακῶν·
1587 1343 1664 1418 ἄλλ’

363 1442 477 1534 ῶσπερ
493 1441 561 1516 ἆπό
576 1450 637 1534 τῆς
652 1450 880 1534 γραμματικῆς
903 1472 922 1508 ιι
944 1473 964 1509 κ
985 1474 1005 1510 κ
1026 1473 1045 1509 ιι
1070 1437 1150 1516 οὔτε
1172 1447 1352 1534 ῥητορικῆς
1368 1437 1477 1534 ούσης,
1499 1442 1573 1517 ἀλλ’
1594 1443 1666 1517 ἀπὸ

312 1561 344 1616 10
361 1551 436 1616 τῶν
461 1540 723 1634 συμβεβηκότων
748 1539 834 1632 αύτῆ
859 1551 1089 1634 προσηγορίαν
1114 1544 1357 1634 λαμβανούσης,
1389 1541 1448 1631 ἀφ’
1471 1536 1523 1616 ῶν
1550 1539 1667 1628 οὕτως

362 1640 587 1734 ὀνομάζεσθαι
609 1649 712 1728 δοκεῖ,
736 1639 807 1715 ούό
830 1638 1000 1732 ὁπότερον
1020 1640 1137 1716 αύτῶν
1159 1637 1256 1728 οὖσα,
1282 1639 1407 1733 ὁμοίως
1428 1673 1485 1734 μοι
1506 1651 1667 1732 φαίνεται

360 1753 416 1816 καί
437 1740 505 1816 α’πό
529 1749 602 1814 τῶν
624 1739 824 1814 δοκούντων
845 1744 930 1814 είναι
955 1751 1071 1816 κακῶν
1094 1743 1158 1834 τῆν
1180 1741 1297 1816 οὐσίαν
1320 1737 1428 1831 ὄνομα
1451 1743 1666 1835 προσλαμβό·

327 1851 442 1928 ὓνειν,
465 1839 536 1915 οὐδ’
559 1837 728 1931 ὁπότερον
749 1834 855 1912 οὖσαν
877 1839 1001 1914 αὐτῶν.
1043 1842 1147 1926 κακός
1169 1850 1205 1915 δὲ
1227 1849 1360 1933 λέγεται
1382 1851 1522 1930 ἐκεῖνος,
1546 1841 1564 1916 ό
1586 1854 1666 1917 τῶν

361 1951 477 2015 κακῶν
498 1939 654 2032 ποιητής,
677 1939 698 2012 ἃ
720 1945 758 2011 δέ
777 1971 830 2024 τις
844 1959 935 2013 ποιεί
955 1939 1017 2013 ούκ
1039 1945 1130 2014 ἔστιν
1147 1940 1260 2026 αύτός,
1282 1939 1354 2014 ἀλλ’
1376 1947 1525 2033 ἐνέργεια
1547 1941 1664 2030 αὐτοῦ,

312 2052 345 2107 15
363 2038 420 2130 ἀφ’
444 2034 496 2114 ῶν
517 2040 582 2132 τῆν
604 2048 835 2130 προσηγορίαν
849 2047 913 2113 τοῦ
930 2039 1035 2125 κακός
1049 2049 1205 2132 λέγεσθαι
1220 2039 1387 2132 λαμβάνει.
1423 2047 1463 2132 Ιεί
1477 2043 1540 2133 γὰρ
1555 2041 1666 2117 αὐτὸν

362 2139 522 2230 ύπόρχειν
545 2144 693 2230 εἴποιμεν
714 2138 735 2212 ἃ
756 2160 861 2226 ποιεί,
884 2159 978 2214 ποιεί
1002 2145 1037 2214 δὲ
1059 2139 1186 2228 φόνους
1207 2150 1263 2212 καί
1284 2149 1430 2232 μοιχείας
1451 2150 1505 2213 καί
1531 2143 1667 2227 κλοπὰς

362 2245 418 2312 καί
440 2234 502 2312 όσα
524 2237 662 2323 τούτοις
684 2233 797 2329 όμοια,
825 2235 928 2324 αὐτὸς
951 2244 1042 2312 ἔσται
1064 2248 1185 2314 ταῦτα·
1211 2247 1240 2311 εί
1262 2247 1297 2312 δὲ
1318 2238 1414 2313 ταῦτ’
1437 2247 1529 2314 ἐστιν
1550 2239 1664 2328 αύτός,

362 2347 472 2412 ταῦτα
499 2346 534 2411 δὲ
561 2333 646 2411 όταν
672 2347 804 2430 γίνηται
831 2339 895 2430 τῆν
921 2341 1080 2413 σύστασιν
1106 2345 1184 2429 ἔχει,
1216 2336 1257 2413 ού
1282 2337 1440 2429 γινόμενα
1467 2349 1577 2413 δὲκαὶ
1600 2350 1665 2414 τοῦ

362 2440 448 2512 είναι
461 2437 613 2524 παύεται,
636 2448 764 2529 γίνεται
779 2445 938 2512 δὲταῦτα
951 2441 1038 2530 πρὸς
1053 2439 1262 2532 ἀνθρώπων,
1284 2443 1420 2513 ἔσονται
1434 2443 1467 2511 οί
1482 2441 1666 2532 ἄνθρωποι

311 2555 345 2612 ‘20
362 2549 418 2612 καὶ
440 2541 573 2611 ἑαυτῶν
592 2546 732 2627 ποιηταί
753 2545 887 2611 καὶτοῦ
908 2547 1027 2630 μηκέτι
1048 2543 1134 2613 είναι
1150 2546 1290 2628 αἲτιοι.*)
1327 2545 1355 2611 εί
1377 2547 1412 2612 δὲ
1434 2548 1542 2613 ταῦτα
1558 2538 1665 2615 αύτοῦ

362 2643 527 2730 ἐνεργείας
548 2640 633 2710 είναι
655 2636 732 2728 φῆς,
755 2643 790 2725 ἐξ
812 2631 864 2709 ῶν
877 2657 970 2710 ποιεῖ
990 2637 1030 2710 τό
1046 2638 1149 2722 κακός
1164 2641 1248 2711 εἶναι
1263 2643 1336 2728 ἔχει,
1359 2636 1420 2710 ούκ
1439 2645 1475 2727 ἐξ
1497 2633 1548 2713 ῶν
1569 2646 1669 2712 ἐστίν

363 2737 465 2832 ούσίᾳ.
501 2737 608 2810 κακόν
631 2742 667 2808 δὲ
688 2741 825 2828 ε’ίπομεν
846 2745 1003 2828 λέγεσθαι
1025 2736 1091 2810 ἇπό
1115 2746 1188 2811 τῶν
1210 2735 1468 2829 συμβεβηκότων
1491 2748 1534 2829 τῆ
1554 2737 1663 2832 οὐσίᾳ,

327 2835 463 2913 οότινα
484 2836 547 2912 ούκ
568 2839 660 2909 ἔστιν
682 2834 702 2928 ῆ
724 2835 834 2924 ούσία,
866 2836 914 2922 οός
936 2835 1004 2912 ἀπὸ
1031 2844 1092 2927 τῆς
1115 2844 1314 2928 τεκτονικῆς
1335 2845 1475 2910 τίκτων.
1518 2843 1547 2911 εί
1569 2845 1604 2911 δὲ
1627 2843 1665 2925 ἐξ

363 2934 414 3013 ῶν
440 2945 567 3029 ἐνεργεῖ
591 2934 708 3022 κακός,
739 2937 760 3010 ἃ
786 2944 822 3010 δὲ
847 2944 975 3029 ἐνεργεῖ
999 2934 1105 3028 όρχῆν
1130 2945 1193 3009 τοῦ
1219 2940 1305 3011 είναι
1330 2937 1503 3026 λαμβάνει,
1534 2935 1663 3029 ἤρξατο

448 3062 462 3117 7
486 3057 519 3116 ἐκ
540 3067 598 3116 τῶν
620 3064 701 3132 ονμβ.
713 3091 746 3099 -
757 3063 828 3116 847ο
849 3058 926 3130 πρόςζ
943 3057 1030 3115 αὐτόν
1051 3061 1213 3115 δείκνυσθαι
1237 3059 1330 3116 loth.
1348 3060 1384 3115 B.
1402 3059 1433 3118 S.
1451 3059 1564 3117 25-27
1591 3060 1671 3134 πρὸς·

360 3145 448 3202 αὐτοῦ
466 3139 539 3202 εἶναι
557 3143 644 3214 φάναι
659 3146 663 3212 1
679 3142 711 3200 ἐκ
728 3152 786 3200 τῶν
804 3150 885 3218 ονμβ.
897 3175 930 3185 -
942 3144 1035 3201 πάντα
1054 3162 1102 3199 aus
1119 3145 1204 3199 Meth.
1223 3145 1339 3213 geknrzt
1357 3146 1362 3211 Ι
1382 3144 1400 3199 8
1417 3145 1483 3198 Man
1500 3147 1630 3200 ετττατίεί
1647 3143 1665 3200 ό

360 3231 458 3302 φόνος.
493 3230 548 3284 Der
568 3229 677 3283 Artikel
698 3229 769 3283 fehlt
791 3229 857 3284 aber
878 3229 956 3284 nieht
976 3247 1028 3283 nur
1049 3229 1078 3283 in
1101 3229 1126 3282 d.
1145 3230 1229 3294 1188„
1256 3229 1374 3284 sondorn
1397 3229 1467 3283 auch
1484 3228 1530 3284 bei
1551 3231 1635 3284 neth
1660 3231 1664 3299 Ι

359 3317 402 3382 Βῆ)
419 3308 480 3372 ἀλλ’
497 3307 596 3384 ὥσπερ
612 3308 679 3382 κτὲΙ
696 3314 766 3368 nass
784 3316 855 3369 nach
874 3320 1072 3386 γραμματικῆς
1089 3313 1185 3368 Worte
1203 3313 1374 3382 ausgefallen
1392 3313 1462 3378 sind,
1483 3313 1598 3368 beweist
1615 3313 1666 3368 der

359 3403 429 3457 Text
451 3401 498 3454 des
520 3398 617 3453 Motha
644 3392 705 3454 ἀλλ’
721 3391 819 3473 ὥσπερ
842 3396 900 3455 ἀπὸ
923 3405 972 3466 τῆς
994 3404 1191 3471 γραμματικῆς
1213 3393 1230 3451 ό
1256 3395 1453 3468 γραμματικὸς
1477 3395 1589 3466 λέγεται
1612 3399 1664 3452 καί

360 3485 418 3544 ἀπὸ
440 3493 489 3556 τῆς
511 3483 660 3556 ῥητορικῆς
682 3481 698 3538 ὁ
721 3481 814 3556 ρῆτωρ
836 3485 885 3539 καί
908 3480 965 3539 ἀπὸ
991 3489 1041 3551 τῆς
1071 3481 1196 3554 ἰατρικῆς
1222 3479 1238 3538 ό
1263 3481 1372 3555 ἰατρός,
1397 3487 1447 3549 τῆς
1472 3478 1571 3546 οὐσίας
1597 3475 1663 3536 οὔτε

361 3571 486 3646 ίατρικῆς
504 3565 589 3638 οὔσης
606 3563 671 3624 οίτε
688 3570 744 3637 μῆν
762 3567 912 3643 ῥητορικοῖς
930 3563 994 3625 οίτε
1012 3573 1217 3640 γραμματικῆς,
1235 3561 1295 3623 ἀλλ’
1313 3564 1371 3623 ἀπὸ
1388 3561 1445 3620 κτὲ.
1474 3565 1582 3621 Είιοοεο
1600 3566 1668 3620 Rus.

361 3657 402 3713 Ob
421 3673 502 3711 unser
513 3654 588 3710 Verf.
607 3655 661 3708 den
672 3655 743 3708 Text
755 3654 780 3708 d.
793 3653 876 3708 Μείίι.
888 3653 1016 3706 ττδτίΙίοίι
1032 3651 1283 3722 nachgesohrieben
1301 3651 1358 3717 hat,
1376 3651 1413 3705 ist
1426 3649 1665 3716 wahrseheinlioh,

359 3757 433 3795 muas
455 3739 522 3795 abor
544 3737 742 3808 dahingestellt
763 3738 883 3794 bleibou.
916 3737 967 3792 Die
984 3737 1056 3792 HSS.
1073 3736 1165 3791 haben
1187 3736 1242 3790 alle
1264 3737 1318 3792 den
1339 3734 1564 3791 verstflmmelten
1585 3735 1664 3790 Text.

361 3825 471 3879 chata
488 3819 559 3878 ἀλλὰ
577 3825 625 3878 καί
640 3820 698 3878 ἀπὸ
711 3830 768 3879 τῶν
781 3825 896 3895 σομβεβ.
912 3823 916 3890 Ι
933 3823 971 3877 18
989 3821 1066 3876 Naeh
1078 3813 1166 3877 οὖσαν
1185 3819 1280 3876 αἰτῶν
1292 3821 1365 3891 solgt
1377 3821 1422 3874 bei
1434 3819 1520 3874 neth.
1533 3819 1579 3873 ein
1591 3820 1665 3884 Sutz,

362 3909 416 3964 den
433 3909 482 3962 der
498 3907 572 3961 Verf.
590 3907 668 3962 nicht
686 3911 897 3976 ausgenommen
914 3906 970 3973 hat,
988 3906 1045 3961 und
1062 3905 1168 3960 woibor:
1186 3903 1231 3960 διὰ
1249 3913 1335 3960 τοῦτο
1353 3903 1408 3977 γὰρ
1425 3901 1558 3968 κάκεῖνος
1574 3901 1668 3968 κακὸς

362 3987 433 4049 εἶναι
451 3991 570 4061 λέγεται,
593 3986 637 4046 ότι
654 3999 711 4048 τῶν
728 3999 826 4047 κακῶν
843 3987 902 4046 ἐστί
919 3993 1043 4060 ποιητῆς.
1073 3985 1091 4046 ἃ
1110 3989 1140 4046 δέ
1157 4010 1198 4056 τις
1214 3985 1270 4045 κτὲ.
1287 3991 1290 4057 Ι
1307 3989 1346 4045 14
1363 3986 1492 4060 ἐνέργεια
1510 3985 1665 4054 ABCDEG,

362 4074 500 4149 ἐνέργειαι
518 4077 544 4132 d.
562 4078 678 4146 Auegg„
706 4072 737 4131 αί
753 4073 843 4148 ἐνέργ.
861 4076 939 4130 Μείίι
964 4075 1009 4129 bei
1026 4074 1089 4129 Eas.
1113 4076 1117 4142 1
1143 4075 1256 4131 15-20
1273 4071 1301 4129 εί
1318 4071 1375 4146 γὰρ
1386 4104 1420 4112 -
1432 4069 1518 4128 αἴτιοι
1536 4074 1586 4127 hat
1602 4071 1664 4126 Rus.

362 4161 439 4216 nicht
456 4161 605 4230 abersetzt„
628 4160 769 4216 vielleicht
785 4161 848 4216 weil
871 4160 916 4214 die
933 4158 1158 4228 Beweisfflhmng
1174 4158 1233 4214 ihm
1255 4177 1288 4213 το
1306 4157 1457 4213 sonderbar
1473 4175 1539 4212 var.
1568 4156 1612 4210 Sie
1628 4155 1666 4210 ist

363 4247 429 4302 aber
446 4245 508 4300 dem
525 4245 611 4300 Meth.
629 4249 805 4301 entnommen
823 4247 854 4301 B.
868 4245 894 4300 S.
907 4245 941 4300 26
958 4244 1015 4297 und
1033 4244 1119 4298 daher
1135 4243 1174 4298 im
1191 4243 1262 4297 Dial.
1281 4243 1379 4313 gewiss
1396 4243 1460 4297 echt
1475 4245 1479 4310 Ι
1496 4241 1535 4298 18
1552 4241 1665 4311 γίνηται

360 4329 515 4396 BCDEFH,
538 4328 652 4399 γίνηται
671 4331 697 4384 d.
715 4331 783 4391 fibr„
806 4327 855 4386 ὅτε
873 4331 980 4400 γίνεται
997 4329 1081 4382 Mem.
1106 4331 1111 4394 Ι
1135 4327 1217 4394 19:20
1239 4321 1396 4382 ἔσονται-
1409 4327 1532 4396 ποιηταί]
1552 4321 1668 4381 ἔσονται

360 4413 468 4471 τούτων
491 4411 519 4470 οἱ
540 4409 690 4486 ἄνθρωποι
714 4417 828 4484 ποιηταί
849 4417 967 4470 καὶτοῦ
989 4407 1060 4468 εἶναι
1079 4412 1163 4466 Μείίι.
1189 4413 1194 4477 Ι
1217 4412 1256 4466 22
1276 4410 1367 4486 ot‘ve'gt]
1387 4408 1468 4466 σι’·σία
1487 4412 1514 4464 d.
1532 4415 1636 4479 Ausgg.
1660 4409 1665 4478 Ι

361 4501 401 4556 28
410 4509 571 4568 τεκτονικῆς
581 4497 698 4569 τίκτων]
709 4495 859 4570 ίατρικῆςὸ
872 4496 970 4571 ἰατρός
981 4497 1065 4552 Meth.
1082 4499 1086 4566 Ι
1102 4496 1139 4552 24
1147 4495 1224 4550 Naoh
1234 4487 1275 4550 ὧν
1285 4493 1406 4568 ἐνεργεῖι
1415 4491 1535 4560 ἕκαστος
1544 4490 1665 4566 ίττάρχει

359 4583 449 4650 κακὸς
466 4583 550 4638 Mem
579 4584 631 4640 Die
644 4584 699 4638 L&
714 4583 762 4638 der
773 4585 845 4638 Hss.
863 4583 939 4637 kann
957 4599 1005 4636 zur
1022 4581 1076 4636 Not
1094 4579 1197 4636 01le
1213 4581 1338 4642 wordum
1355 4580 1584 4635 wahrscheinlich
1602 4578 1666 4634 sind

361 4669 427 4723 aber
444 4669 488 4722 die
506 4669 572 4722 :wei
592 4667 687 4723 Worte
705 4667 885 4736 ausgofallen.
