3744 5524
224 483 336 554 Casperi
352 483 379 537 11
397 499 420 538 c
440 483 481 540 18.
823 481 932 555 Dialog.
1490 491 1531 556 99

224 676 242 716 e
264 652 379 738 quibos
397 651 556 736 peregrini
578 655 682 717 essent
704 651 738 716 hi
760 651 816 737 qui
837 653 904 717 sine
924 651 1050 718 Christo
1065 653 1211 720 fuerunt?
1247 651 1412 736 Numquid
1432 651 1524 717 illum

224 752 330 819 nescio
354 774 462 837 qoem,
489 751 616 835 (quem)
639 753 748 817 dicunt
768 752 830 836 ipsi
850 753 996 837 ignotam
1018 756 1049 818 et
1069 753 1270 838 peregrinum
1292 754 1394 832 deum,
1422 751 1527 817 dicent

225 851 345 935 aliquid
370 851 572 935 promisisse?
613 850 656 916 Et
683 854 810 937 qnando
834 852 993 936 promisit,
1024 853 1079 936 qui
1105 873 1271 937 nunquam
1297 853 1443 936 apparuit
1462 855 1534 916 ante

224 956 367 1035 tempora
389 949 508 1017 Tiberii
530 950 692 1018 Caesaris?
726 951 793 1017 Aut
814 951 842 1015 si
862 940 930 1035 ipse
959 957 1006 1017 est
1037 952 1092 1037 qui
1117 953 1275 1037 promisit,
1301 952 1365 1016 iam
1390 949 1536 1016 nouerit

191 1061 208 1116 b
225 1051 409 1137 peregrinus
431 1055 462 1116 et
482 1051 621 1136 ignotus,
642 1051 698 1136 qui
719 1055 751 1116 et
771 1050 896 1116 locotus
919 1057 967 1116 est
983 1051 1165 1118 hominibus
1187 1051 1310 1135 aliquid
1331 1055 1362 1116 et
1382 1049 1535 1134 promisit.

224 1150 484 1217 Manifestissime
509 1151 608 1234 igitur
635 1153 728 1218 docet
753 1151 916 1234 apostolus
943 1152 1018 1236 quie
1047 1152 1091 1232 hi,
1123 1152 1178 1235 qui
1210 1149 1370 1236 peregrini
1400 1153 1489 1215 erant
1518 1172 1537 1213 e

224 1254 414 1316 testamento
436 1248 541 1328 Israel,
563 1251 630 1314 sine
653 1252 711 1316 deo
736 1256 846 1316 essent.
889 1249 932 1316 Et
953 1251 1069 1316 iterum
1091 1251 1182 1317 dicit:
1217 1255 1415 1332 annnnqne
1435 1258 1535 1314 entem

221 1355 439 1433 promissiones
455 1354 511 1429 dei,
524 1355 633 1431 inipso
642 1361 722 1415 snnt.
744 1349 838 1427 Quod
847 1349 874 1415 si
883 1352 1067 1436 peregrinus
1077 1355 1108 1416 et
1116 1351 1245 1435 ignotus
1255 1354 1286 1415 et
1295 1353 1389 1416 modo
1398 1348 1535 1432 primum

228 1451 374 1534 apparuit
394 1471 454 1515 nec
475 1448 623 1534 cuiquam
644 1449 732 1532 prius
750 1450 897 1529 innotuit,
918 1472 1021 1534 neque
1042 1451 1222 1533 repromisit
1242 1449 1363 1534 aliquid
1381 1451 1457 1513 deus
1475 1449 1537 1512 iste

178 1555 211 1610 10
228 1571 323 1633 quem
344 1551 521 1633 praedicas,
547 1551 679 1615 dubium
700 1571 764 1615 non
788 1553 835 1614 est
857 1550 982 1635 quinis
1005 1549 1061 1635 qui
1083 1551 1230 1635 promisit
1251 1553 1373 1616 creator
1391 1548 1433 1613 sit
1452 1549 1536 1612 deus.

229 1649 292 1716 Sed
316 1650 419 1714 adhuc
446 1648 584 1733 epartius
610 1652 775 1715 ostendere
796 1650 889 1732 cupio
920 1649 996 1734 quie
1017 1649 1160 1717 Christus
1186 1649 1297 1734 aloga
1323 1653 1355 1713 et
1374 1646 1536 1731 prophetis

228 1748 466 1832 praenuntiatus
494 1749 548 1830 sit,
578 1748 661 1814 sicut
690 1748 759 1831 ipse
785 1748 925 1814 reluator
950 1751 988 1814 de
1017 1747 1156 1815 Iohanne
1182 1749 1316 1834 loquens
1347 1749 1436 1813 dicit:
1470 1749 1536 1826 Hie,

228 1849 341 1933 inquit,
367 1853 401 1913 de
422 1871 481 1931 qno
504 1853 649 1930 smptrnn
669 1859 723 1913 est:
753 1852 826 1913 Ecce
846 1854 931 1914 rne'tto
953 1855 1094 1932 erepelnrn
1113 1873 1217 1914 menrn
1237 1859 1305 1914 ente
1323 1851 1432 1929 sociem
1453 1856 1537 1910 bearn

229 1955 283 2031 qni
301 1953 493 2030 praeparabit
518 1953 605 2013 neem
631 1958 715 2013 tnnrn
741 1958 808 2012 onte
836 1959 868 2013 te.
912 1948 991 2015 Cum
1018 1969 1094 2034 ergo
1120 1971 1177 2033 per
1202 1950 1371 2034 prophetas
1398 1949 1472 2010 data
1496 1943 1538 2010 sit

180 2058 213 2112 15
228 2047 284 2114 illa
305 2033 473 2131 promissio
499 2052 537 2113 ut
559 2069 745 2132 praecursor
771 2045 926 2114 Iohannes
953 2047 1070 2114 christ·
1095 2049 1294 2132 praeueniret
1315 2049 1485 2112 aduentum
1507 2049 1539 2110 et

229 2150 431 2231 praepararet
452 2148 538 2212 uiam
559 2149 618 2229 dei,
639 2145 794 2231 numquid
807 2152 940 2231 possunt
955 2151 1119 2214 ostendere
1139 2148 1277 2233 aliquem
1296 2147 1394 2212 alium
1415 2144 1539 2210 uenisse

231 2247 320 2312 cuius
341 2249 513 2312 aduentum
526 2244 682 2312 Iohannes
703 2246 916 2331 praecesserit,
936 2252 973 2312 ut
993 2247 1091 2314 alium
1113 2248 1221 2313 dicant
1234 2245 1394 2313 Christum
1414 2267 1433 2309 a
1455 2265 1540 2310 crea·

231 2350 299 2412 tore
324 2345 466 2426 missum,
496 2346 585 2411 cuius
606 2345 703 2411 fuerit
728 2344 782 2410 ille
807 2351 1012 2430 praecursor?
1047 2346 1082 2413 si
1107 2370 1183 2415 uero
1209 2346 1315 2413 nullus
1342 2345 1421 2411 elius
1451 2343 1539 2408 uenit

231 2445 293 2510 nisi
315 2444 402 2511 solus
424 2445 570 2512 dominus
592 2450 700 2512 noster
720 2444 808 2511 Iesus
829 2443 981 2526 Christus,
1009 2451 1040 2512 et
1061 2448 1164 2530 ipsum
1185 2445 1356 2532 praecessit
1376 2443 1539 2520 lohannes,

182 2552 216 2608 20
233 2549 352 2610 certum
380 2549 428 2610 est
457 2547 533 2630 quia
557 2550 634 2611 tunc
656 2545 814 2628 completa
838 2549 885 2610 est
911 2544 967 2610 illa
992 2545 1159 2629 promissio
1191 2569 1272 2632 quae
1297 2567 1354 2630 per
1378 2543 1482 2629 legem
1508 2545 1540 2607 et

104 2684 110 2696 ·
231 2645 400 2729 prophetas
428 2645 543 2710 dicitur
568 2645 766 2729 repromissa,
793 2647 825 2710 et
845 2644 963 2710 nullius
989 2645 1118 2711 alterius
1145 2646 1196 2712 dei
1222 2650 1270 2711 est
1293 2643 1448 2722 christus,
1477 2641 1540 2706 nisi

233 2745 381 2810 creatoris
403 2745 492 2810 cuius
515 2749 546 2811 et
566 2745 738 2828 prophetae
760 2749 848 2811 erant
868 2749 899 2809 et
916 2744 976 2823 lex,
997 2766 1054 2828 per
1068 2766 1147 2828 quos
1163 2745 1230 2810 eius
1243 2748 1362 2811 mundo
1376 2741 1540 2827 promitte·

232 2845 326 2908 batur
355 2846 518 2909 aduentus.
561 2843 624 2910 Sed
653 2844 816 2928 apostolus
845 2843 1000 2929 numquid
1030 2843 1127 2928 <ιιοιι>
1158 2845 1319 2910 euidenter
1348 2842 1483 2927 exlege
1509 2846 1540 2906 et

232 2942 394 3027 prophetis
415 2943 575 3027 praedicat
595 2943 762 3024 Christum,
785 2943 892 3008 dicens
908 2942 1078 3010 Corinthiis
1101 2943 1175 3028 quie
1195 2949 1300 3010 Patres
1319 2948 1418 3008 nostrn'
1437 2965 1541 3013 omnes

182 3047 216 3103 25
233 3048 287 3107 snb
307 3047 385 3108 nrrbe
404 3047 537 3124 suerunt,
559 3053 585 3108 et
606 3067 708 3109 ornnes
729 3067 811 3108 rnnre
833 3049 1029 3122 tronsiernnt,
1052 3053 1079 3107 et
1098 3066 1202 3108 ornnes
1221 3048 1257 3108 e'n
1277 3048 1378 3126 Mopsi
1398 3046 1541 3124 beptn'nnte'
1613 3057 1617 3065 '

232 3153 306 3207 snnt
324 3147 360 3207 r'n
380 3147 458 3207 nnbe
479 3153 506 3207 et
525 3149 562 3207 in
574 3149 661 3222 neeri,
683 3155 710 3208 et
730 3166 833 3208 ornnes
847 3148 970 3208 eandem
984 3166 1080 3208 escon
1093 3147 1258 3224 spiritalem
1275 3147 1539 3216 mendenonernnt,

233 3252 260 3306 et
284 3264 387 3307 ornnes
412 3247 537 3307 eundem
561 3254 672 3325 potnrn
701 3247 877 3326 spiritalem*
895 3247 1041 3323 nbnnn,
1074 3247 1206 3308 bibebant
1238 3247 1318 3308 enirn
1347 3248 1381 3308 de
1410 3244 1542 3323 spiritali

233 3347 366 3425 sequenti
385 3351 485 3423 petro,
506 3352 592 3424 petro
617 3354 719 3408 annm
739 3353 802 3408 eret
824 3346 986 3408 Christus?
1022 3341 1099 3419 Quis
1120 3365 1185 3409 non
1206 3342 1409 3424 obstupescat
1429 3361 1538 3407 eorum

233 3440 459 3524 insipientiam,
491 3443 546 3526 qui
570 3443 649 3509 haec
674 3443 802 3528 quidem
828 3441 947 3525 legunt,
976 3441 1025 3507 his
1050 3463 1126 3507 uero
1157 3441 1314 3507 contrarie
1339 3444 1484 3506 astruunt
1510 3443 1541 3504 et

166 3561 167 3564 ¹
184 3549 218 3606 30
234 3540 378 3607 diuersa?
414 3539 498 3617 Quid
512 3563 597 3621 uero,
618 3542 733 3628 siquis
750 3543 803 3608 hic
817 3540 934 3605 adiciet
948 3540 1043 3605 etiam
1057 3539 1145 3622 illud,
1167 3544 1254 3625 quod
1268 3539 1345 3606 dicit
1366 3539 1541 3625 apostolus:

234 3645 356 3705 Etenim
372 3645 485 3722 paseha
505 3652 644 3707 noetnnn
664 3647 839 3708 immoene
853 3651 903 3716 est,
929 3645 1089 3706 Olrristns?
1111 3644 1197 3726 quod
1218 3642 1334 3726 pascha
1355 3641 1423 3706 sine
1444 3639 1541 3704 dubio

236 3762 254 3803 a
275 3743 415 3805 creatore
437 3743 495 3806 deo
516 3739 550 3806 in
570 3741 642 3827 lege
664 3741 863 3827 designatum
880 3744 940 3816 est.

324 4485 340 4539 l
360 4483 479 4554 fremat]
498 4484 564 4541 God.
584 4484 608 4538 ft
631 4485 636 4552 Ι
661 4485 678 4540 2
698 4485 738 4538 Im
757 4485 823 4539 God.
841 4484 912 4540 fehlt
930 4485 980 4540 das
998 4485 1093 4540 nweite
1113 4501 1224 4554 »quem«
1249 4485 1254 4552 Ι
1278 4482 1318 4538 18
1336 4482 1401 4538 (lod.
1418 4484 1515 4538 tunam
1537 4483 1542 4552 Ι

240 4566 279 4624 14
298 4568 362 4623 Cod.
381 4569 574 4639 praeparauit!
590 4568 629 4624 2⁰
647 4567 721 4639 quie]
740 4568 806 4624 cod
826 4569 874 4640 qni
888 4573 892 4634 Ι
907 4571 983 4640 tunc]
1002 4569 1067 4626 Cod.
1085 4569 1150 4624 hnic
1164 4569 1169 4638 Ι
1184 4569 1225 4625 28
1241 4568 1376 4638 numquid
1392 4568 1458 4638 non]
1477 4568 1543 4624 (lod

238 4651 1107 4725 blossznomquidlex]God.et180qnis]Cod.qui.-B.
1298 4738 1333 4792 7*
