<?xml version="1.0" encoding="UTF-8"?>
<!DOCTYPE html PUBLIC "-//W3C//DTD XHTML 1.0 Transitional//EN"
    "http://www.w3.org/TR/xhtml1/DTD/xhtml1-transitional.dtd">
<html xmlns="http://www.w3.org/1999/xhtml" xml:lang="en" lang="en">
 <head>
  <title>
</title>
<meta http-equiv="Content-Type" content="text/html;charset=utf-8" />
  <meta name='ocr-system' content='tesseract 3.04.00' />
  <meta name='ocr-capabilities' content='ocr_page ocr_carea ocr_par ocr_line ocrx_word'/>
</head>
<body>
  <div class='ocr_page' id='page_1' title='image "./diegriechischen03religoog_0137.png"; bbox 0 0 3744 5524; ppageno 0'>
   <div class='ocr_carea' id='block_1_1' title="bbox 205 485 1509 556">
    <p class='ocr_par' dir='ltr' id='par_1_1' title="bbox 205 485 1509 556">
     <span class='ocr_line' id='line_1_1' title="bbox 205 485 1509 556; baseline -0.002 -15"><span class='ocrx_word' id='word_1_1' title='bbox 205 485 316 556; x_wconf 82' lang='lat' dir='ltr'><strong>Cespnri</strong></span> <span class='ocrx_word' id='word_1_2' title='bbox 334 486 346 538; x_wconf 96' lang='lat' dir='ltr'>I</span> <span class='ocrx_word' id='word_1_3' title='bbox 364 502 386 540; x_wconf 79' lang='lat' dir='ltr'><strong>e</strong></span> <span class='ocrx_word' id='word_1_4' title='bbox 404 486 513 543; x_wconf 82' lang='lat'><strong>21-23.</strong></span> <span class='ocrx_word' id='word_1_5' title='bbox 801 487 910 556; x_wconf 80' lang='lat' dir='ltr'><strong>Dialog.</strong></span> <span class='ocrx_word' id='word_1_6' title='bbox 1469 493 1509 555; x_wconf 81' lang='grc'><strong>43</strong></span> 
     </span>
    </p>
   </div>
   <div class='ocr_carea' id='block_1_2' title="bbox 153 639 1515 2030">
    <p class='ocr_par' dir='ltr' id='par_1_2' title="bbox 203 639 1509 920">
     <span class='ocr_line' id='line_1_2' title="bbox 204 639 1509 740; baseline -0.001 -19"><span class='ocrx_word' id='word_1_7' title='bbox 204 655 320 721; x_wconf 88' lang='lat' dir='ltr'><strong>Christi</strong></span> <span class='ocrx_word' id='word_1_8' title='bbox 344 653 501 737; x_wconf 88' lang='lat' dir='ltr'><strong>dieoipnli,</strong></span> <span class='ocrx_word' id='word_1_9' title='bbox 525 655 667 740; x_wconf 78' lang='lat' dir='ltr'><strong>exempla</strong></span> <span class='ocrx_word' id='word_1_10' title='bbox 688 657 910 739; x_wconf 82' lang='lat' dir='ltr'><strong>prophetarum</strong></span> <span class='ocrx_word' id='word_1_11' title='bbox 933 658 1111 738; x_wconf 89' lang='lat' dir='ltr'><strong>sequentes,</strong></span> <span class='ocrx_word' id='word_1_12' title='bbox 1133 639 1386 738; x_wconf 77' lang='lat' dir='ltr'><strong>persecutionum</strong></span> <span class='ocrx_word' id='word_1_13' title='bbox 1408 655 1509 722; x_wconf 82' lang='lat' dir='ltr'><strong>saeui·</strong></span> 
     </span>
     <span class='ocr_line' id='line_1_3' title="bbox 203 752 1509 840; baseline 0.002 -21"><span class='ocrx_word' id='word_1_14' title='bbox 203 754 280 819; x_wconf 79' lang='lat' dir='ltr'><strong>tiam</strong></span> <span class='ocrx_word' id='word_1_15' title='bbox 305 753 496 837; x_wconf 81' lang='lat' dir='ltr'><strong>(tolerent*).</strong></span> <span class='ocrx_word' id='word_1_16' title='bbox 537 752 610 818; x_wconf 88' lang='lat' dir='ltr'><strong>Une</strong></span> <span class='ocrx_word' id='word_1_17' title='bbox 634 754 734 839; x_wconf 82' lang='lat' dir='ltr'><strong>igitur</strong></span> <span class='ocrx_word' id='word_1_18' title='bbox 758 755 849 822; x_wconf 88' lang='lat' dir='ltr'><strong>nobis</strong></span> <span class='ocrx_word' id='word_1_19' title='bbox 874 757 1044 838; x_wconf 84' lang='lat' dir='ltr'><strong>eademque</strong></span> <span class='ocrx_word' id='word_1_20' title='bbox 1071 775 1143 819; x_wconf 90' lang='lat' dir='ltr'><strong>oum</strong></span> <span class='ocrx_word' id='word_1_21' title='bbox 1164 755 1325 838; x_wconf 87' lang='lat' dir='ltr'><strong>prophetis</strong></span> <span class='ocrx_word' id='word_1_22' title='bbox 1347 759 1386 820; x_wconf 86' lang='lat' dir='ltr'><strong>de</strong></span> <span class='ocrx_word' id='word_1_23' title='bbox 1407 779 1509 840; x_wconf 90' lang='lat' dir='ltr'><strong>perse·</strong></span> 
     </span>
     <span class='ocr_line' id='line_1_4' title="bbox 206 853 578 920; baseline -0.005 0"><span class='ocrx_word' id='word_1_24' title='bbox 206 853 385 920; x_wconf 88' lang='lat' dir='ltr'><strong>ontionibus</strong></span> <span class='ocrx_word' id='word_1_25' title='bbox 408 875 502 918; x_wconf 84' lang='lat' dir='ltr'><strong>oeuse</strong></span> <span class='ocrx_word' id='word_1_26' title='bbox 523 858 578 918; x_wconf 90' lang='lat' dir='ltr'><strong>est.</strong></span> 
     </span>
    </p>

    <p class='ocr_par' dir='ltr' id='par_1_3' title="bbox 169 953 1511 1239">
     <span class='ocr_line' id='line_1_5' title="bbox 286 953 1510 1039; baseline 0.002 -21"><span class='ocrx_word' id='word_1_27' title='bbox 286 975 311 1019; x_wconf 90' lang='lat' dir='ltr'><strong>o.</strong></span> <span class='ocrx_word' id='word_1_28' title='bbox 330 954 456 1021; x_wconf 83' lang='lat' dir='ltr'><strong>XXII.</strong></span> <span class='ocrx_word' id='word_1_29' title='bbox 492 959 578 1018; x_wconf 79' lang='lat' dir='ltr'><strong>Eutr.</strong></span> <span class='ocrx_word' id='word_1_30' title='bbox 599 959 638 1019; x_wconf 85' lang='lat' dir='ltr'><strong>d:</strong></span> <span class='ocrx_word' id='word_1_31' title='bbox 665 953 830 1031; x_wconf 84' lang='lat' dir='ltr'><strong>Quomodo</strong></span> <span class='ocrx_word' id='word_1_32' title='bbox 853 958 884 1018; x_wconf 87' lang='lat' dir='ltr'><strong>et</strong></span> <span class='ocrx_word' id='word_1_33' title='bbox 904 953 1066 1038; x_wconf 81' lang='lat' dir='ltr'><strong>spostolus</strong></span> <span class='ocrx_word' id='word_1_34' title='bbox 1093 955 1289 1020; x_wconf 83' lang='lat' dir='ltr'><strong>sermonibus</strong></span> <span class='ocrx_word' id='word_1_35' title='bbox 1314 955 1414 1021; x_wconf 89' lang='lat' dir='ltr'><strong>utitur</strong></span> <span class='ocrx_word' id='word_1_36' title='bbox 1439 978 1510 1039; x_wconf 92' lang='lat' dir='ltr'><strong>pro·</strong></span> 
     </span>
     <span class='ocr_line' id='line_1_6' title="bbox 169 1050 1511 1138; baseline 0.001 -20"><span class='ocrx_word' id='word_1_37' title='bbox 169 1055 387 1136; x_wconf 76' lang='lat' dir='ltr'><strong>ophetarum?</strong></span> <span class='ocrx_word' id='word_1_38' title='bbox 423 1050 457 1116; x_wconf 88' lang='lat' dir='ltr'><strong>Si</strong></span> <span class='ocrx_word' id='word_1_39' title='bbox 483 1055 591 1118; x_wconf 80' lang='lat' dir='ltr'><strong>eedem</strong></span> <span class='ocrx_word' id='word_1_40' title='bbox 618 1053 695 1118; x_wconf 89' lang='lat' dir='ltr'><strong>dioit</strong></span> <span class='ocrx_word' id='word_1_41' title='bbox 724 1075 804 1138; x_wconf 78' lang='lat' dir='ltr'><strong>qnae</strong></span> <span class='ocrx_word' id='word_1_42' title='bbox 829 1056 1000 1138; x_wconf 81' lang='lat' dir='ltr'><strong>prophetoe</strong></span> <span class='ocrx_word' id='word_1_43' title='bbox 1025 1058 1098 1119; x_wconf 84' lang='lat' dir='ltr'><strong>onte</strong></span> <span class='ocrx_word' id='word_1_44' title='bbox 1127 1055 1284 1134; x_wconf 88' lang='lat' dir='ltr'><strong>dixerunt,</strong></span> <span class='ocrx_word' id='word_1_45' title='bbox 1315 1059 1435 1124; x_wconf 82' lang='lat' dir='ltr'><strong>eertum</strong></span> <span class='ocrx_word' id='word_1_46' title='bbox 1464 1061 1511 1120; x_wconf 90' lang='lat' dir='ltr'><strong>est</strong></span> 
     </span>
     <span class='ocr_line' id='line_1_7' title="bbox 204 1151 1469 1239; baseline 0.002 -22"><span class='ocrx_word' id='word_1_47' title='bbox 204 1153 278 1236; x_wconf 85' lang='lat' dir='ltr'><strong>qnia</strong></span> <span class='ocrx_word' id='word_1_48' title='bbox 298 1174 363 1217; x_wconf 89' lang='lat' dir='ltr'><strong>non</strong></span> <span class='ocrx_word' id='word_1_49' title='bbox 383 1153 417 1216; x_wconf 91' lang='lat' dir='ltr'><strong>in</strong></span> <span class='ocrx_word' id='word_1_50' title='bbox 438 1151 561 1216; x_wconf 89' lang='lat' dir='ltr'><strong>irritum</strong></span> <span class='ocrx_word' id='word_1_51' title='bbox 583 1157 688 1232; x_wconf 83' lang='lat' dir='ltr'><strong>uooet,</strong></span> <span class='ocrx_word' id='word_1_52' title='bbox 711 1156 766 1218; x_wconf 91' lang='lat' dir='ltr'><strong>sed</strong></span> <span class='ocrx_word' id='word_1_53' title='bbox 786 1159 937 1239; x_wconf 79' lang='lat' dir='ltr'><strong>tunquam</strong></span> <span class='ocrx_word' id='word_1_54' title='bbox 960 1154 1052 1219; x_wconf 88' lang='lat' dir='ltr'><strong>bonis</strong></span> <span class='ocrx_word' id='word_1_55' title='bbox 1073 1155 1118 1218; x_wconf 87' lang='lat' dir='ltr'><strong>eis</strong></span> <span class='ocrx_word' id='word_1_56' title='bbox 1140 1158 1171 1218; x_wconf 90' lang='lat' dir='ltr'><strong>et</strong></span> <span class='ocrx_word' id='word_1_57' title='bbox 1190 1152 1341 1238; x_wconf 75' lang='lat' dir='ltr'><strong>legitimis</strong></span> <span class='ocrx_word' id='word_1_58' title='bbox 1362 1153 1469 1220; x_wconf 88' lang='lat' dir='ltr'><strong>utitur.</strong></span> 
     </span>
    </p>

    <p class='ocr_par' dir='ltr' id='par_1_4' title="bbox 153 1248 1515 2030">
     <span class='ocr_line' id='line_1_8' title="bbox 167 1248 1351 1337; baseline 0 -19"><span class='ocrx_word' id='word_1_59' title='bbox 167 1297 170 1302; x_wconf 93' lang='lat'>-</span> <span class='ocrx_word' id='word_1_60' title='bbox 285 1257 359 1332; x_wconf 78' lang='lat' dir='ltr'><strong>Mep.</strong></span> <span class='ocrx_word' id='word_1_61' title='bbox 380 1256 419 1315; x_wconf 85' lang='lat' dir='ltr'><strong>d:</strong></span> <span class='ocrx_word' id='word_1_62' title='bbox 446 1248 544 1316; x_wconf 88' lang='lat' dir='ltr'><strong>Nullo</strong></span> <span class='ocrx_word' id='word_1_63' title='bbox 566 1273 695 1334; x_wconf 87' lang='lat' dir='ltr'><strong>prorsus</strong></span> <span class='ocrx_word' id='word_1_64' title='bbox 716 1253 918 1337; x_wconf 77' lang='lat' dir='ltr'><strong>antiquorum</strong></span> <span class='ocrx_word' id='word_1_65' title='bbox 939 1275 1082 1319; x_wconf 85' lang='lat' dir='ltr'><strong>sermone</strong></span> <span class='ocrx_word' id='word_1_66' title='bbox 1103 1255 1205 1318; x_wconf 88' lang='lat' dir='ltr'><strong>utitur</strong></span> <span class='ocrx_word' id='word_1_67' title='bbox 1224 1252 1351 1318; x_wconf 82' lang='lat' dir='ltr'><strong>Paulus.</strong></span> 
     </span>
     <span class='ocr_line' id='line_1_9' title="bbox 285 1349 1510 1437; baseline 0.003 -22"><span class='ocrx_word' id='word_1_68' title='bbox 285 1356 341 1417; x_wconf 80' lang='lat' dir='ltr'><strong>Ad.</strong></span> <span class='ocrx_word' id='word_1_69' title='bbox 359 1355 398 1416; x_wconf 83' lang='lat' dir='ltr'><strong>d:</strong></span> <span class='ocrx_word' id='word_1_70' title='bbox 425 1349 563 1417; x_wconf 89' lang='lat' dir='ltr'><strong>Ostendo</strong></span> <span class='ocrx_word' id='word_1_71' title='bbox 578 1351 612 1414; x_wconf 89' lang='lat' dir='ltr'><strong>iu</strong></span> <span class='ocrx_word' id='word_1_72' title='bbox 626 1351 735 1417; x_wconf 86' lang='lat' dir='ltr'><strong>multis</strong></span> <span class='ocrx_word' id='word_1_73' title='bbox 749 1352 939 1437; x_wconf 74' lang='lat' dir='ltr'><strong>Apostolum</strong></span> <span class='ocrx_word' id='word_1_74' title='bbox 960 1353 1114 1418; x_wconf 76' lang='lat' dir='ltr'><strong>dicentem</strong></span> <span class='ocrx_word' id='word_1_75' title='bbox 1137 1358 1167 1418; x_wconf 90' lang='lat' dir='ltr'><strong>et</strong></span> <span class='ocrx_word' id='word_1_76' title='bbox 1188 1356 1330 1417; x_wconf 87' lang='lat' dir='ltr'><strong>utentem</strong></span> <span class='ocrx_word' id='word_1_77' title='bbox 1352 1353 1510 1437; x_wconf 88' lang='lat' dir='ltr'><strong>prioribus</strong></span> 
     </span>
     <span class='ocr_line' id='line_1_10' title="bbox 203 1449 1513 1536; baseline 0 -20"><span class='ocrx_word' id='word_1_78' title='bbox 203 1451 336 1534; x_wconf 88' lang='lat' dir='ltr'><strong>seriptis.</strong></span> <span class='ocrx_word' id='word_1_79' title='bbox 378 1449 435 1514; x_wconf 88' lang='lat' dir='ltr'><strong>Ait</strong></span> <span class='ocrx_word' id='word_1_80' title='bbox 464 1451 547 1515; x_wconf 89' lang='lat' dir='ltr'><strong>enirn</strong></span> <span class='ocrx_word' id='word_1_81' title='bbox 576 1452 610 1516; x_wconf 91' lang='lat' dir='ltr'><strong>in</strong></span> <span class='ocrx_word' id='word_1_82' title='bbox 641 1452 774 1535; x_wconf 83' lang='lat' dir='ltr'><strong>epistola</strong></span> <span class='ocrx_word' id='word_1_83' title='bbox 803 1455 843 1516; x_wconf 86' lang='lat' dir='ltr'><strong>ed</strong></span> <span class='ocrx_word' id='word_1_84' title='bbox 865 1451 1042 1518; x_wconf 81' lang='lat' dir='ltr'><strong>Corinthios</strong></span> <span class='ocrx_word' id='word_1_85' title='bbox 1068 1455 1182 1536; x_wconf 83' lang='lat' dir='ltr'><strong>primo:</strong></span> <span class='ocrx_word' id='word_1_86' title='bbox 1224 1455 1261 1515; x_wconf 81' lang='lat' dir='ltr'><strong>Ut</strong></span> <span class='ocrx_word' id='word_1_87' title='bbox 1289 1475 1352 1516; x_wconf 82' lang='lat' dir='ltr'><strong>mon</strong></span> <span class='ocrx_word' id='word_1_88' title='bbox 1370 1457 1513 1534; x_wconf 79' lang='lat' dir='ltr'><strong>piorirmr</strong></span> 
     </span>
     <span class='ocr_line' id='line_1_11' title="bbox 153 1555 1512 1634; baseline 0.002 -20"><span class='ocrx_word' id='word_1_89' title='bbox 153 1555 305 1616; x_wconf 78' lang='lat' dir='ltr'><strong>momnis</strong></span> <span class='ocrx_word' id='word_1_90' title='bbox 325 1573 393 1614; x_wconf 82' lang='lat' dir='ltr'><strong>roro</strong></span> <span class='ocrx_word' id='word_1_91' title='bbox 413 1573 513 1614; x_wconf 80' lang='lat' dir='ltr'><strong>eoram</strong></span> <span class='ocrx_word' id='word_1_92' title='bbox 533 1557 608 1632; x_wconf 83' lang='lat' dir='ltr'><strong>ipso.</strong></span> <span class='ocrx_word' id='word_1_93' title='bbox 641 1558 690 1616; x_wconf 74' lang='lat' dir='ltr'><strong>Eo</strong></span> <span class='ocrx_word' id='word_1_94' title='bbox 704 1557 769 1633; x_wconf 80' lang='lat' dir='ltr'><strong>ipso</strong></span> <span class='ocrx_word' id='word_1_95' title='bbox 790 1557 871 1617; x_wconf 82' lang='lat' dir='ltr'><strong>emim</strong></span> <span class='ocrx_word' id='word_1_96' title='bbox 891 1575 949 1616; x_wconf 82' lang='lat' dir='ltr'><strong>uos</strong></span> <span class='ocrx_word' id='word_1_97' title='bbox 969 1557 1039 1616; x_wconf 79' lang='lat' dir='ltr'><strong>ostis</strong></span> <span class='ocrx_word' id='word_1_98' title='bbox 1059 1557 1094 1617; x_wconf 81' lang='lat' dir='ltr'><strong>im</strong></span> <span class='ocrx_word' id='word_1_99' title='bbox 1112 1557 1229 1618; x_wconf 77' lang='lat' dir='ltr'><strong>Christo</strong></span> <span class='ocrx_word' id='word_1_100' title='bbox 1246 1555 1325 1629; x_wconf 76' lang='lat' dir='ltr'><strong>lem,</strong></span> <span class='ocrx_word' id='word_1_101' title='bbox 1346 1558 1401 1633; x_wconf 80' lang='lat' dir='ltr'><strong>qui</strong></span> <span class='ocrx_word' id='word_1_102' title='bbox 1413 1558 1512 1634; x_wconf 77' lang='lat' dir='ltr'><strong>soemo</strong></span> 
     </span>
     <span class='ocr_line' id='line_1_12' title="bbox 204 1655 1515 1732; baseline 0.002 -18"><span class='ocrx_word' id='word_1_103' title='bbox 204 1662 247 1714; x_wconf 81' lang='lat' dir='ltr'><strong>eet</strong></span> <span class='ocrx_word' id='word_1_104' title='bbox 266 1655 353 1714; x_wconf 80' lang='lat' dir='ltr'><strong>mobis</strong></span> <span class='ocrx_word' id='word_1_105' title='bbox 378 1655 527 1731; x_wconf 77' lang='lat' dir='ltr'><strong>eopiemio</strong></span> <span class='ocrx_word' id='word_1_106' title='bbox 552 1673 572 1714; x_wconf 87' lang='lat' dir='ltr'><strong><em>a</em></strong></span> <span class='ocrx_word' id='word_1_107' title='bbox 597 1656 648 1715; x_wconf 79' lang='lat' dir='ltr'><strong>deo</strong></span> <span class='ocrx_word' id='word_1_108' title='bbox 669 1661 696 1715; x_wconf 77' lang='lat' dir='ltr'><strong>et</strong></span> <span class='ocrx_word' id='word_1_109' title='bbox 717 1655 835 1716; x_wconf 80' lang='lat' dir='ltr'><strong>imtiiio</strong></span> <span class='ocrx_word' id='word_1_110' title='bbox 854 1662 881 1715; x_wconf 82' lang='lat' dir='ltr'><strong>et</strong></span> <span class='ocrx_word' id='word_1_111' title='bbox 901 1655 1095 1731; x_wconf 79' lang='lat' dir='ltr'><strong>smrrtifiootio</strong></span> <span class='ocrx_word' id='word_1_112' title='bbox 1122 1662 1148 1715; x_wconf 80' lang='lat' dir='ltr'><strong>rt</strong></span> <span class='ocrx_word' id='word_1_113' title='bbox 1173 1656 1345 1732; x_wconf 79' lang='lat' dir='ltr'><strong>redemptio,</strong></span> <span class='ocrx_word' id='word_1_114' title='bbox 1367 1661 1413 1730; x_wconf 78' lang='lat' dir='ltr'><strong>ut,</strong></span> <span class='ocrx_word' id='word_1_115' title='bbox 1436 1657 1515 1716; x_wconf 79' lang='lat' dir='ltr'><strong>siout</strong></span> 
     </span>
     <span class='ocr_line' id='line_1_13' title="bbox 203 1748 1510 1832; baseline 0.002 -18"><span class='ocrx_word' id='word_1_116' title='bbox 203 1755 347 1831; x_wconf 73' lang='lat' dir='ltr'><strong>seriptum</strong></span> <span class='ocrx_word' id='word_1_117' title='bbox 367 1760 421 1829; x_wconf 80' lang='lat' dir='ltr'><strong>est,</strong></span> <span class='ocrx_word' id='word_1_118' title='bbox 446 1755 500 1832; x_wconf 78' lang='lat' dir='ltr'><strong>qui</strong></span> <span class='ocrx_word' id='word_1_119' title='bbox 518 1754 665 1831; x_wconf 80' lang='lat' dir='ltr'><strong>ploriutrrr</strong></span> <span class='ocrx_word' id='word_1_120' title='bbox 689 1755 725 1814; x_wconf 78' lang='lat' dir='ltr'><strong>ire</strong></span> <span class='ocrx_word' id='word_1_121' title='bbox 745 1756 866 1815; x_wconf 81' lang='lat' dir='ltr'><strong>domimo</strong></span> <span class='ocrx_word' id='word_1_122' title='bbox 885 1755 1034 1831; x_wconf 73' lang='lat' dir='ltr'><strong>plorr‘etmr.</strong></span> <span class='ocrx_word' id='word_1_123' title='bbox 1070 1748 1113 1813; x_wconf 80' lang='lat' dir='ltr'><strong>Et</strong></span> <span class='ocrx_word' id='word_1_124' title='bbox 1134 1750 1237 1814; x_wconf 82' lang='lat' dir='ltr'><strong>adhue</strong></span> <span class='ocrx_word' id='word_1_125' title='bbox 1258 1751 1455 1816; x_wconf 83' lang='lat' dir='ltr'><strong>manifestius</strong></span> <span class='ocrx_word' id='word_1_126' title='bbox 1476 1752 1510 1816; x_wconf 92' lang='lat' dir='ltr'><strong>in</strong></span> 
     </span>
     <span class='ocr_line' id='line_1_14' title="bbox 205 1848 1513 1932; baseline 0.002 -18"><span class='ocrx_word' id='word_1_127' title='bbox 205 1853 313 1914; x_wconf 80' lang='lat' dir='ltr'><strong>eedem</strong></span> <span class='ocrx_word' id='word_1_128' title='bbox 335 1848 469 1932; x_wconf 85' lang='lat' dir='ltr'><strong>epistole</strong></span> <span class='ocrx_word' id='word_1_129' title='bbox 490 1849 639 1928; x_wconf 90' lang='lat' dir='ltr'><strong>ostendit,</strong></span> <span class='ocrx_word' id='word_1_130' title='bbox 666 1849 784 1915; x_wconf 87' lang='lat' dir='ltr'><strong>dioens:</strong></span> <span class='ocrx_word' id='word_1_131' title='bbox 814 1855 896 1926; x_wconf 75' lang='lat' dir='ltr'><strong>Quis</strong></span> <span class='ocrx_word' id='word_1_132' title='bbox 906 1855 1006 1931; x_wconf 72' lang='lat' dir='ltr'><strong>parm</strong></span> <span class='ocrx_word' id='word_1_133' title='bbox 1024 1871 1141 1930; x_wconf 77' lang='lat' dir='ltr'><strong>preprm</strong></span> <span class='ocrx_word' id='word_1_134' title='bbox 1166 1859 1193 1913; x_wconf 77' lang='lat' dir='ltr'><strong>et</strong></span> <span class='ocrx_word' id='word_1_135' title='bbox 1215 1873 1251 1914; x_wconf 79' lang='lat' dir='ltr'><strong>m</strong></span> <span class='ocrx_word' id='word_1_136' title='bbox 1272 1855 1341 1914; x_wconf 72' lang='lat' dir='ltr'><strong>trote</strong></span> <span class='ocrx_word' id='word_1_137' title='bbox 1362 1856 1429 1914; x_wconf 81' lang='lat' dir='ltr'><strong>eius</strong></span> <span class='ocrx_word' id='word_1_138' title='bbox 1449 1874 1513 1916; x_wconf 80' lang='lat' dir='ltr'><strong>nom</strong></span> 
     </span>
     <span class='ocr_line' id='line_1_15' title="bbox 203 1952 1513 2030; baseline 0.001 -16"><span class='ocrx_word' id='word_1_139' title='bbox 203 1954 381 2014; x_wconf 69' lang='lat' dir='ltr'><strong>manducer?</strong></span> <span class='ocrx_word' id='word_1_140' title='bbox 414 1952 573 2030; x_wconf 77' lang='lat' dir='ltr'><strong>Numquid</strong></span> <span class='ocrx_word' id='word_1_141' title='bbox 597 1954 762 2014; x_wconf 76' lang='lat' dir='ltr'><strong>seeundum</strong></span> <span class='ocrx_word' id='word_1_142' title='bbox 787 1955 938 2014; x_wconf 80' lang='lat' dir='ltr'><strong>homimem</strong></span> <span class='ocrx_word' id='word_1_143' title='bbox 964 1955 1040 2026; x_wconf 79' lang='lat' dir='ltr'><strong>diro,</strong></span> <span class='ocrx_word' id='word_1_144' title='bbox 1066 1971 1108 2012; x_wconf 80' lang='lat' dir='ltr'><strong>rm</strong></span> <span class='ocrx_word' id='word_1_145' title='bbox 1133 1960 1160 2012; x_wconf 82' lang='lat' dir='ltr'><strong>et</strong></span> <span class='ocrx_word' id='word_1_146' title='bbox 1184 1953 1230 2013; x_wconf 80' lang='lat' dir='ltr'><strong>lere</strong></span> <span class='ocrx_word' id='word_1_147' title='bbox 1250 1953 1320 2014; x_wconf 82' lang='lat' dir='ltr'><strong>haer</strong></span> <span class='ocrx_word' id='word_1_148' title='bbox 1340 1955 1435 2014; x_wconf 76' lang='lat' dir='ltr'><strong>dieii?</strong></span> <span class='ocrx_word' id='word_1_149' title='bbox 1475 1955 1513 2015; x_wconf 82' lang='lat' dir='ltr'><strong>In</strong></span> 
     </span>
    </p>
   </div>
   <div class='ocr_carea' id='block_1_3' title="bbox 43 2051 1512 2138">
    <p class='ocr_par' dir='ltr' id='par_1_5' title="bbox 43 2051 1512 2138">
     <span class='ocr_line' id='line_1_16' title="bbox 43 2051 1512 2138; baseline 0.003 -29"><span class='ocrx_word' id='word_1_150' title='bbox 43 2123 50 2138; x_wconf 89' lang='lat'><em>.</em></span> <span class='ocrx_word' id='word_1_151' title='bbox 154 2056 187 2110; x_wconf 77' lang='lat'><strong>15</strong></span> <span class='ocrx_word' id='word_1_152' title='bbox 204 2053 262 2130; x_wconf 81' lang='lat' dir='ltr'><strong>lopo</strong></span> <span class='ocrx_word' id='word_1_153' title='bbox 281 2053 381 2130; x_wconf 81' lang='lat' dir='ltr'><strong>Mopsi</strong></span> <span class='ocrx_word' id='word_1_154' title='bbox 406 2052 549 2129; x_wconf 71' lang='lat' dir='ltr'><strong>seriptum</strong></span> <span class='ocrx_word' id='word_1_155' title='bbox 576 2059 634 2114; x_wconf 82' lang='lat' dir='ltr'><strong>eet:</strong></span> <span class='ocrx_word' id='word_1_156' title='bbox 664 2053 735 2112; x_wconf 82' lang='lat' dir='ltr'><strong>Nom</strong></span> <span class='ocrx_word' id='word_1_157' title='bbox 761 2054 928 2130; x_wconf 79' lang='lat' dir='ltr'><strong>infrenabis</strong></span> <span class='ocrx_word' id='word_1_158' title='bbox 954 2071 988 2112; x_wconf 85' lang='lat' dir='ltr'><strong>os</strong></span> <span class='ocrx_word' id='word_1_159' title='bbox 1004 2053 1075 2112; x_wconf 82' lang='lat' dir='ltr'><strong>boui</strong></span> <span class='ocrx_word' id='word_1_160' title='bbox 1097 2054 1257 2112; x_wconf 75' lang='lat' dir='ltr'><strong>trituranti.</strong></span> <span class='ocrx_word' id='word_1_161' title='bbox 1299 2051 1459 2130; x_wconf 78' lang='lat' dir='ltr'><strong>Numquid</strong></span> <span class='ocrx_word' id='word_1_162' title='bbox 1479 2055 1512 2113; x_wconf 84' lang='lat' dir='ltr'><strong>de</strong></span> 
     </span>
    </p>
   </div>
   <div class='ocr_carea' id='block_1_4' title="bbox 152 2151 1512 2728">
    <p class='ocr_par' dir='ltr' id='par_1_6' title="bbox 152 2151 1512 2728">
     <span class='ocr_line' id='line_1_17' title="bbox 204 2151 1511 2230; baseline -0.002 -16"><span class='ocrx_word' id='word_1_163' title='bbox 204 2153 297 2214; x_wconf 75' lang='lat' dir='ltr'><strong>uum</strong></span> <span class='ocrx_word' id='word_1_164' title='bbox 317 2171 390 2213; x_wconf 74' lang='lat' dir='ltr'><strong>mero</strong></span> <span class='ocrx_word' id='word_1_165' title='bbox 410 2159 453 2212; x_wconf 80' lang='lat' dir='ltr'><strong>est</strong></span> <span class='ocrx_word' id='word_1_166' title='bbox 472 2153 550 2212; x_wconf 76' lang='lat' dir='ltr'><strong>deo?</strong></span> <span class='ocrx_word' id='word_1_167' title='bbox 571 2155 622 2212; x_wconf 76' lang='lat' dir='ltr'><strong>Are</strong></span> <span class='ocrx_word' id='word_1_168' title='bbox 637 2159 758 2230; x_wconf 79' lang='lat' dir='ltr'><strong>propter</strong></span> <span class='ocrx_word' id='word_1_169' title='bbox 778 2171 836 2213; x_wconf 82' lang='lat' dir='ltr'><strong>moe</strong></span> <span class='ocrx_word' id='word_1_170' title='bbox 856 2154 959 2230; x_wconf 79' lang='lat' dir='ltr'><strong>utique</strong></span> <span class='ocrx_word' id='word_1_171' title='bbox 972 2153 1074 2212; x_wconf 73' lang='lat' dir='ltr'><strong>discit?</strong></span> <span class='ocrx_word' id='word_1_172' title='bbox 1097 2151 1220 2228; x_wconf 77' lang='lat' dir='ltr'><strong>Propter</strong></span> <span class='ocrx_word' id='word_1_173' title='bbox 1240 2170 1298 2212; x_wconf 81' lang='lat' dir='ltr'><strong>moe</strong></span> <span class='ocrx_word' id='word_1_174' title='bbox 1318 2153 1399 2212; x_wconf 82' lang='lat' dir='ltr'><strong>mim</strong></span> <span class='ocrx_word' id='word_1_175' title='bbox 1419 2153 1511 2230; x_wconf 74' lang='lat' dir='ltr'><strong>errip-</strong></span> 
     </span>
     <span class='ocr_line' id='line_1_18' title="bbox 205 2252 938 2330; baseline 0 -18"><span class='ocrx_word' id='word_1_176' title='bbox 205 2260 268 2313; x_wconf 77' lang='lat' dir='ltr'><strong>twm</strong></span> <span class='ocrx_word' id='word_1_177' title='bbox 287 2259 330 2314; x_wconf 82' lang='lat' dir='ltr'><strong>eet</strong></span> <span class='ocrx_word' id='word_1_178' title='bbox 349 2253 421 2329; x_wconf 80' lang='lat' dir='ltr'><strong>quio</strong></span> <span class='ocrx_word' id='word_1_179' title='bbox 442 2252 519 2311; x_wconf 78' lang='lat' dir='ltr'><strong>debet</strong></span> <span class='ocrx_word' id='word_1_180' title='bbox 539 2253 678 2329; x_wconf 78' lang='lat' dir='ltr'><strong>quierat</strong></span> <span class='ocrx_word' id='word_1_181' title='bbox 699 2252 754 2312; x_wconf 78' lang='lat' dir='ltr'><strong>suh</strong></span> <span class='ocrx_word' id='word_1_182' title='bbox 775 2271 826 2330; x_wconf 83' lang='lat' dir='ltr'><strong>epe</strong></span> <span class='ocrx_word' id='word_1_183' title='bbox 846 2271 938 2313; x_wconf 86' lang='lat' dir='ltr'><strong>orare.</strong></span> 
     </span>
     <span class='ocr_line' id='line_1_19' title="bbox 285 2345 1183 2431; baseline -0.003 -18"><span class='ocrx_word' id='word_1_184' title='bbox 285 2352 360 2428; x_wconf 81' lang='lat' dir='ltr'><strong>Mep.</strong></span> <span class='ocrx_word' id='word_1_185' title='bbox 382 2351 422 2411; x_wconf 81' lang='lat' dir='ltr'><strong>d:</strong></span> <span class='ocrx_word' id='word_1_186' title='bbox 448 2345 516 2411; x_wconf 81' lang='lat' dir='ltr'><strong>Seis</strong></span> <span class='ocrx_word' id='word_1_187' title='bbox 539 2346 615 2431; x_wconf 82' lang='lat' dir='ltr'><strong>quio</strong></span> <span class='ocrx_word' id='word_1_188' title='bbox 634 2347 737 2431; x_wconf 81' lang='lat' dir='ltr'><strong>legem</strong></span> <span class='ocrx_word' id='word_1_189' title='bbox 760 2347 865 2431; x_wconf 85' lang='lat' dir='ltr'><strong>Moysi</strong></span> <span class='ocrx_word' id='word_1_190' title='bbox 885 2347 965 2411; x_wconf 81' lang='lat' dir='ltr'><strong>dixit</strong></span> <span class='ocrx_word' id='word_1_191' title='bbox 986 2351 1017 2411; x_wconf 87' lang='lat' dir='ltr'><strong>et</strong></span> <span class='ocrx_word' id='word_1_192' title='bbox 1038 2368 1103 2411; x_wconf 91' lang='lat' dir='ltr'><strong>non</strong></span> <span class='ocrx_word' id='word_1_193' title='bbox 1125 2346 1183 2430; x_wconf 78' lang='lat' dir='ltr'><strong>dei</strong></span> 
     </span>
     <span class='ocr_line' id='line_1_20' title="bbox 286 2444 1512 2530; baseline -0.002 -19"><span class='ocrx_word' id='word_1_194' title='bbox 286 2453 371 2511; x_wconf 71' lang='lat' dir='ltr'><strong>liutr-</strong></span> <span class='ocrx_word' id='word_1_195' title='bbox 392 2451 433 2512; x_wconf 82' lang='lat' dir='ltr'><strong>d:</strong></span> <span class='ocrx_word' id='word_1_196' title='bbox 463 2444 525 2510; x_wconf 83' lang='lat' dir='ltr'><strong>Sed</strong></span> <span class='ocrx_word' id='word_1_197' title='bbox 550 2447 641 2510; x_wconf 89' lang='lat' dir='ltr'><strong>uides</strong></span> <span class='ocrx_word' id='word_1_198' title='bbox 671 2446 758 2530; x_wconf 83' lang='lat' dir='ltr'><strong>quie,</strong></span> <span class='ocrx_word' id='word_1_199' title='bbox 789 2451 826 2510; x_wconf 90' lang='lat' dir='ltr'><strong>ut</strong></span> <span class='ocrx_word' id='word_1_200' title='bbox 846 2446 940 2528; x_wconf 86' lang='lat' dir='ltr'><strong>dixit,</strong></span> <span class='ocrx_word' id='word_1_201' title='bbox 970 2446 1073 2530; x_wconf 82' lang='lat' dir='ltr'><strong>legem</strong></span> <span class='ocrx_word' id='word_1_202' title='bbox 1106 2444 1213 2523; x_wconf 79' lang='lat' dir='ltr'><strong>stetim</strong></span> <span class='ocrx_word' id='word_1_203' title='bbox 1244 2446 1444 2510; x_wconf 87' lang='lat' dir='ltr'><strong>oonfirmeuit</strong></span> <span class='ocrx_word' id='word_1_204' title='bbox 1473 2468 1512 2510; x_wconf 87' lang='lat' dir='ltr'><strong>ex</strong></span> 
     </span>
     <span class='ocr_line' id='line_1_21' title="bbox 152 2545 1512 2629; baseline 0.004 -22"><span class='ocrx_word' id='word_1_205' title='bbox 152 2551 187 2607; x_wconf 75' lang='lat'><strong>20</strong></span> <span class='ocrx_word' id='word_1_206' title='bbox 204 2545 475 2629; x_wconf 88' lang='lat' dir='ltr'><strong>oonsequentibus,</strong></span> <span class='ocrx_word' id='word_1_207' title='bbox 496 2546 616 2610; x_wconf 80' lang='lat' dir='ltr'><strong>dicens:</strong></span> <span class='ocrx_word' id='word_1_208' title='bbox 634 2549 794 2628; x_wconf 81' lang='lat' dir='ltr'><strong>Numquid</strong></span> <span class='ocrx_word' id='word_1_209' title='bbox 813 2551 847 2611; x_wconf 77' lang='lat' dir='ltr'><strong>de</strong></span> <span class='ocrx_word' id='word_1_210' title='bbox 864 2551 959 2612; x_wconf 72' lang='lat' dir='ltr'><strong>mbos</strong></span> <span class='ocrx_word' id='word_1_211' title='bbox 973 2567 1045 2610; x_wconf 81' lang='lat' dir='ltr'><strong>mro</strong></span> <span class='ocrx_word' id='word_1_212' title='bbox 1059 2549 1133 2610; x_wconf 77' lang='lat' dir='ltr'><strong>deo?</strong></span> <span class='ocrx_word' id='word_1_213' title='bbox 1154 2555 1328 2626; x_wconf 66' lang='lat' dir='ltr'><strong>eapropter</strong></span> <span class='ocrx_word' id='word_1_214' title='bbox 1340 2568 1397 2609; x_wconf 81' lang='lat' dir='ltr'><strong>mos</strong></span> <span class='ocrx_word' id='word_1_215' title='bbox 1409 2550 1512 2628; x_wconf 79' lang='lat' dir='ltr'><strong>otique</strong></span> 
     </span>
     <span class='ocr_line' id='line_1_22' title="bbox 203 2642 1510 2728; baseline -0.002 -16"><span class='ocrx_word' id='word_1_216' title='bbox 203 2651 291 2712; x_wconf 72' lang='lat' dir='ltr'><strong>dmi?</strong></span> <span class='ocrx_word' id='word_1_217' title='bbox 325 2651 450 2728; x_wconf 80' lang='lat' dir='ltr'><strong>Propter</strong></span> <span class='ocrx_word' id='word_1_218' title='bbox 473 2667 530 2709; x_wconf 82' lang='lat' dir='ltr'><strong>mos</strong></span> <span class='ocrx_word' id='word_1_219' title='bbox 555 2650 658 2726; x_wconf 82' lang='lat' dir='ltr'><strong>mique</strong></span> <span class='ocrx_word' id='word_1_220' title='bbox 683 2651 826 2727; x_wconf 74' lang='lat' dir='ltr'><strong>scriptum</strong></span> <span class='ocrx_word' id='word_1_221' title='bbox 851 2656 901 2710; x_wconf 83' lang='lat' dir='ltr'><strong>est.</strong></span> <span class='ocrx_word' id='word_1_222' title='bbox 942 2643 1041 2711; x_wconf 90' lang='lat' dir='ltr'><strong>Uides</strong></span> <span class='ocrx_word' id='word_1_223' title='bbox 1069 2663 1144 2728; x_wconf 81' lang='lat' dir='ltr'><strong>ergo</strong></span> <span class='ocrx_word' id='word_1_224' title='bbox 1167 2642 1243 2726; x_wconf 86' lang='lat' dir='ltr'><strong>quin</strong></span> <span class='ocrx_word' id='word_1_225' title='bbox 1269 2644 1433 2709; x_wconf 84' lang='lat' dir='ltr'><strong>confirmet</strong></span> <span class='ocrx_word' id='word_1_226' title='bbox 1458 2645 1510 2709; x_wconf 89' lang='lat' dir='ltr'><strong>dei</strong></span> 
     </span>
    </p>
   </div>
   <div class='ocr_carea' id='block_1_5' title="bbox 203 2735 1510 2927">
    <p class='ocr_par' dir='ltr' id='par_1_7' title="bbox 203 2735 1510 2927">
     <span class='ocr_line' id='line_1_23' title="bbox 203 2735 1510 2829; baseline -0.002 -19"><span class='ocrx_word' id='word_1_227' title='bbox 203 2767 270 2810; x_wconf 87' lang='lat' dir='ltr'><strong>esse</strong></span> <span class='ocrx_word' id='word_1_228' title='bbox 296 2767 472 2810; x_wconf 84' lang='lat' dir='ltr'><strong>sermonem</strong></span> <span class='ocrx_word' id='word_1_229' title='bbox 498 2749 530 2810; x_wconf 89' lang='lat' dir='ltr'><strong>ot</strong></span> <span class='ocrx_word' id='word_1_230' title='bbox 554 2749 721 2829; x_wconf 75' lang='lat' dir='ltr'><strong>propterea</strong></span> <span class='ocrx_word' id='word_1_231' title='bbox 742 2767 779 2810; x_wconf 91' lang='lat' dir='ltr'><strong>eo</strong></span> <span class='ocrx_word' id='word_1_232' title='bbox 800 2745 908 2810; x_wconf 85' lang='lat' dir='ltr'><strong>utitur.</strong></span> <span class='ocrx_word' id='word_1_233' title='bbox 950 2735 1053 2810; x_wconf 83' lang='lat' dir='ltr'><strong>Nemo</strong></span> <span class='ocrx_word' id='word_1_234' title='bbox 1080 2743 1164 2808; x_wconf 90' lang='lat' dir='ltr'><strong>enim</strong></span> <span class='ocrx_word' id='word_1_235' title='bbox 1184 2742 1255 2826; x_wconf 80' lang='lat' dir='ltr'><strong>loge</strong></span> <span class='ocrx_word' id='word_1_236' title='bbox 1276 2741 1388 2822; x_wconf 90' lang='lat' dir='ltr'><strong>utitur,</strong></span> <span class='ocrx_word' id='word_1_237' title='bbox 1415 2764 1510 2827; x_wconf 82' lang='lat' dir='ltr'><strong>quern</strong></span> 
     </span>
     <span class='ocr_line' id='line_1_24' title="bbox 203 2845 370 2927; baseline 0.012 -19"><span class='ocrx_word' id='word_1_238' title='bbox 203 2845 370 2927; x_wconf 83' lang='lat' dir='ltr'><strong>improbet</strong></span> 
     </span>
    </p>
   </div>
   <div class='ocr_carea' id='block_1_6' title="bbox 153 3419 1511 3705">
    <p class='ocr_par' dir='ltr' id='par_1_8' title="bbox 153 3419 1511 3705">
     <span class='ocr_line' id='line_1_25' title="bbox 285 3419 1511 3504; baseline 0 -20"><span class='ocrx_word' id='word_1_239' title='bbox 285 3441 311 3485; x_wconf 85' lang='lat' dir='ltr'><strong>o.</strong></span> <span class='ocrx_word' id='word_1_240' title='bbox 326 3421 473 3489; x_wconf 87' lang='lat' dir='ltr'>XXIII.</span> <span class='ocrx_word' id='word_1_241' title='bbox 511 3427 584 3502; x_wconf 81' lang='lat' dir='ltr'><strong>Mep.</strong></span> <span class='ocrx_word' id='word_1_242' title='bbox 606 3427 645 3486; x_wconf 82' lang='lat' dir='ltr'><strong>d:</strong></span> <span class='ocrx_word' id='word_1_243' title='bbox 676 3420 724 3487; x_wconf 92' lang='lat' dir='ltr'><strong>De</strong></span> <span class='ocrx_word' id='word_1_244' title='bbox 746 3420 909 3504; x_wconf 85' lang='lat' dir='ltr'><strong>seripturis</strong></span> <span class='ocrx_word' id='word_1_245' title='bbox 936 3439 995 3504; x_wconf 79' lang='lat' dir='ltr'><strong>ego</strong></span> <span class='ocrx_word' id='word_1_246' title='bbox 1024 3421 1186 3484; x_wconf 82' lang='lat' dir='ltr'><strong>ostendam</strong></span> <span class='ocrx_word' id='word_1_247' title='bbox 1215 3420 1290 3503; x_wconf 80' lang='lat' dir='ltr'><strong>quin</strong></span> <span class='ocrx_word' id='word_1_248' title='bbox 1315 3419 1396 3485; x_wconf 82' lang='lat' dir='ltr'><strong>nlius</strong></span> <span class='ocrx_word' id='word_1_249' title='bbox 1422 3424 1511 3502; x_wconf 85' lang='lat' dir='ltr'><strong>pater</strong></span> 
     </span>
     <span class='ocr_line' id='line_1_26' title="bbox 153 3517 1511 3606; baseline -0.002 -21"><span class='ocrx_word' id='word_1_250' title='bbox 153 3519 187 3574; x_wconf 83' lang='lat'><strong>25</strong></span> <span class='ocrx_word' id='word_1_251' title='bbox 205 3518 322 3585; x_wconf 84' lang='lat' dir='ltr'><strong>Christi</strong></span> <span class='ocrx_word' id='word_1_252' title='bbox 349 3524 380 3584; x_wconf 88' lang='lat' dir='ltr'><strong>et</strong></span> <span class='ocrx_word' id='word_1_253' title='bbox 405 3519 485 3585; x_wconf 80' lang='lat' dir='ltr'><strong>alins</strong></span> <span class='ocrx_word' id='word_1_254' title='bbox 507 3525 641 3600; x_wconf 81' lang='lat' dir='ltr'><strong>orentor,</strong></span> <span class='ocrx_word' id='word_1_255' title='bbox 667 3521 722 3606; x_wconf 88' lang='lat' dir='ltr'><strong>qni</strong></span> <span class='ocrx_word' id='word_1_256' title='bbox 749 3542 821 3586; x_wconf 89' lang='lat' dir='ltr'><strong>enm</strong></span> <span class='ocrx_word' id='word_1_257' title='bbox 842 3521 946 3584; x_wconf 86' lang='lat' dir='ltr'><strong>Adem</strong></span> <span class='ocrx_word' id='word_1_258' title='bbox 971 3517 1096 3583; x_wconf 89' lang='lat' dir='ltr'><strong>loeutus</strong></span> <span class='ocrx_word' id='word_1_259' title='bbox 1124 3521 1171 3582; x_wconf 80' lang='lat' dir='ltr'><strong>est</strong></span> <span class='ocrx_word' id='word_1_260' title='bbox 1200 3519 1253 3584; x_wconf 83' lang='lat' dir='ltr'><strong>uel</strong></span> <span class='ocrx_word' id='word_1_261' title='bbox 1280 3540 1353 3584; x_wconf 86' lang='lat' dir='ltr'><strong>oum</strong></span> <span class='ocrx_word' id='word_1_262' title='bbox 1380 3519 1511 3584; x_wconf 79' lang='lat' dir='ltr'><strong>caeteris</strong></span> 
     </span>
     <span class='ocr_line' id='line_1_27' title="bbox 204 3617 1510 3705; baseline -0.001 -22"><span class='ocrx_word' id='word_1_263' title='bbox 204 3639 283 3702; x_wconf 91' lang='lat' dir='ltr'><strong>qnos</strong></span> <span class='ocrx_word' id='word_1_264' title='bbox 303 3618 400 3684; x_wconf 86' lang='lat' dir='ltr'><strong>refert</strong></span> <span class='ocrx_word' id='word_1_265' title='bbox 417 3620 580 3704; x_wconf 75' lang='lat' dir='ltr'><strong>scriptura,</strong></span> <span class='ocrx_word' id='word_1_266' title='bbox 602 3619 717 3705; x_wconf 89' lang='lat' dir='ltr'><strong>quibus</strong></span> <span class='ocrx_word' id='word_1_267' title='bbox 740 3625 771 3684; x_wconf 88' lang='lat' dir='ltr'><strong>et</strong></span> <span class='ocrx_word' id='word_1_268' title='bbox 791 3619 936 3683; x_wconf 90' lang='lat' dir='ltr'><strong>innotuit.</strong></span> <span class='ocrx_word' id='word_1_269' title='bbox 974 3617 1091 3683; x_wconf 80' lang='lat' dir='ltr'><strong>Christi</strong></span> <span class='ocrx_word' id='word_1_270' title='bbox 1120 3623 1224 3683; x_wconf 81' lang='lat' dir='ltr'><strong>autem</strong></span> <span class='ocrx_word' id='word_1_271' title='bbox 1246 3623 1336 3702; x_wconf 86' lang='lat' dir='ltr'><strong>peter</strong></span> <span class='ocrx_word' id='word_1_272' title='bbox 1357 3617 1437 3682; x_wconf 89' lang='lat' dir='ltr'><strong>nulli</strong></span> <span class='ocrx_word' id='word_1_273' title='bbox 1459 3639 1510 3682; x_wconf 89' lang='lat' dir='ltr'><strong>oo·</strong></span> 
     </span>
    </p>
   </div>
   <div class='ocr_carea' id='block_1_7' title="bbox 203 3866 1511 4108">
    <p class='ocr_par' dir='ltr' id='par_1_9' title="bbox 203 3866 1511 4108">
     <span class='ocr_line' id='line_1_28' title="bbox 203 3866 1511 3940; baseline 0.001 -18"><span class='ocrx_word' id='word_1_274' title='bbox 203 3869 271 3936; x_wconf 69' lang='lat' dir='ltr'><strong>dre«,</strong></span> <span class='ocrx_word' id='word_1_275' title='bbox 290 3869 357 3924; x_wconf 88' lang='lat' dir='ltr'><strong>oder</strong></span> <span class='ocrx_word' id='word_1_276' title='bbox 374 3867 471 3924; x_wconf 86' lang='lat' dir='ltr'><strong>Worte</strong></span> <span class='ocrx_word' id='word_1_277' title='bbox 488 3869 616 3940; x_wconf 80' lang='lat' dir='ltr'><strong>gleiohon</strong></span> <span class='ocrx_word' id='word_1_278' title='bbox 634 3867 740 3924; x_wconf 81' lang='lat' dir='ltr'><strong>Inhelts</strong></span> <span class='ocrx_word' id='word_1_279' title='bbox 758 3867 930 3939; x_wconf 78' lang='lat' dir='ltr'><strong>ansgefellen</strong></span> <span class='ocrx_word' id='word_1_280' title='bbox 948 3867 1014 3932; x_wconf 90' lang='lat' dir='ltr'><strong>sein,</strong></span> <span class='ocrx_word' id='word_1_281' title='bbox 1033 3867 1070 3921; x_wconf 76' lang='lat' dir='ltr'><strong>de</strong></span> <span class='ocrx_word' id='word_1_282' title='bbox 1086 3866 1126 3922; x_wconf 85' lang='lat' dir='ltr'><strong>sie</strong></span> <span class='ocrx_word' id='word_1_283' title='bbox 1143 3867 1290 3939; x_wconf 80' lang='lat' dir='ltr'><strong>Eutropius</strong></span> <span class='ocrx_word' id='word_1_284' title='bbox 1308 3869 1347 3922; x_wconf 89' lang='lat' dir='ltr'><strong>im</strong></span> <span class='ocrx_word' id='word_1_285' title='bbox 1365 3869 1511 3938; x_wconf 79' lang='lat' dir='ltr'><strong>folgenden</strong></span> 
     </span>
     <span class='ocr_line' id='line_1_29' title="bbox 203 3950 1511 4024; baseline 0 -18"><span class='ocrx_word' id='word_1_286' title='bbox 203 3955 380 4021; x_wconf 82' lang='lat' dir='ltr'><strong>voroussetzt,</strong></span> <span class='ocrx_word' id='word_1_287' title='bbox 399 3954 455 4024; x_wconf 80' lang='lat' dir='ltr'><strong>vgl.</strong></span> <span class='ocrx_word' id='word_1_288' title='bbox 473 3953 526 4008; x_wconf 90' lang='lat' dir='ltr'><strong>den</strong></span> <span class='ocrx_word' id='word_1_289' title='bbox 544 3953 646 4024; x_wconf 79' lang='lat' dir='ltr'><strong>grieoh.</strong></span> <span class='ocrx_word' id='word_1_290' title='bbox 663 3954 741 4008; x_wconf 83' lang='lat' dir='ltr'><strong>Text</strong></span> <span class='ocrx_word' id='word_1_291' title='bbox 770 3954 826 4009; x_wconf 88' lang='lat' dir='ltr'><strong>Der</strong></span> <span class='ocrx_word' id='word_1_292' title='bbox 842 3952 951 4008; x_wconf 79' lang='lat' dir='ltr'><strong>Ausloll</strong></span> <span class='ocrx_word' id='word_1_293' title='bbox 967 3950 1062 4006; x_wconf 80' lang='lat' dir='ltr'><strong>words</strong></span> <span class='ocrx_word' id='word_1_294' title='bbox 1079 3950 1167 4006; x_wconf 89' lang='lat' dir='ltr'><strong>duroh</strong></span> <span class='ocrx_word' id='word_1_295' title='bbox 1185 3951 1235 4006; x_wconf 82' lang='lat' dir='ltr'><strong>des</strong></span> <span class='ocrx_word' id='word_1_296' title='bbox 1250 3952 1511 4008; x_wconf 82' lang='lat' dir='ltr'><strong>Homoeotelenton:</strong></span> 
     </span>
     <span class='ocr_line' id='line_1_30' title="bbox 206 4035 1031 4108; baseline -0.001 -18"><span class='ocrx_word' id='word_1_297' title='bbox 206 4037 337 4108; x_wconf 64' lang='lat' dir='ltr'><strong>»Propter</strong></span> <span class='ocrx_word' id='word_1_298' title='bbox 354 4041 377 4091; x_wconf 83' lang='lat' dir='ltr'><strong>te</strong></span> <span class='ocrx_word' id='word_1_299' title='bbox 393 4043 478 4092; x_wconf 77' lang='lat' dir='ltr'><strong>morte</strong></span> <span class='ocrx_word' id='word_1_300' title='bbox 496 4038 642 4106; x_wconf 70' lang='lat' dir='ltr'><strong>afficimur</strong></span> <span class='ocrx_word' id='word_1_301' title='bbox 659 4039 790 4092; x_wconf 72' lang='lat' dir='ltr'><strong>retortio«</strong></span> <span class='ocrx_word' id='word_1_302' title='bbox 808 4035 1031 4107; x_wconf 79' lang='lat' dir='ltr'><strong>hervorgernfen.</strong></span> 
     </span>
    </p>
   </div>
   <div class='ocr_carea' id='block_1_8' title="bbox 203 4203 1513 4699">
    <p class='ocr_par' dir='ltr' id='par_1_10' title="bbox 203 4203 1513 4699">
     <span class='ocr_line' id='line_1_31' title="bbox 288 4203 1510 4278; baseline -0.004 -16"><span class='ocrx_word' id='word_1_303' title='bbox 288 4206 306 4262; x_wconf 73' lang='grc' dir='ltr'>ὅ</span> <span class='ocrx_word' id='word_1_304' title='bbox 333 4207 445 4278; x_wconf 68' lang='lat' dir='ltr'><strong>creperi</strong></span> <span class='ocrx_word' id='word_1_305' title='bbox 475 4207 602 4262; x_wconf 88' lang='lat' dir='ltr'><strong>sohliesst</strong></span> <span class='ocrx_word' id='word_1_306' title='bbox 627 4207 672 4263; x_wconf 87' lang='lat' dir='ltr'><strong>die</strong></span> <span class='ocrx_word' id='word_1_307' title='bbox 698 4207 785 4276; x_wconf 76' lang='lat' dir='ltr'><strong>Fruge</strong></span> <span class='ocrx_word' id='word_1_308' title='bbox 815 4206 861 4262; x_wconf 88' lang='lat' dir='ltr'><strong>bei</strong></span> <span class='ocrx_word' id='word_1_309' title='bbox 890 4205 1058 4260; x_wconf 79' lang='lat' dir='ltr'><strong>»dixerunt«.</strong></span> <span class='ocrx_word' id='word_1_310' title='bbox 1085 4206 1159 4260; x_wconf 94' lang='lat' dir='ltr'><strong>-B</strong></span> <span class='ocrx_word' id='word_1_311' title='bbox 1182 4205 1227 4271; x_wconf 81' lang='grc'><strong>16</strong></span> <span class='ocrx_word' id='word_1_312' title='bbox 1255 4205 1302 4274; x_wconf 89' lang='lat' dir='ltr'><strong>eis]</strong></span> <span class='ocrx_word' id='word_1_313' title='bbox 1332 4203 1398 4258; x_wconf 85' lang='lat' dir='ltr'><strong>Cod.</strong></span> <span class='ocrx_word' id='word_1_314' title='bbox 1423 4203 1480 4258; x_wconf 84' lang='lat' dir='ltr'><strong>eius</strong></span> <span class='ocrx_word' id='word_1_315' title='bbox 1505 4205 1510 4271; x_wconf 90' lang='grc' dir='ltr'>Ι</span> 
     </span>
     <span class='ocr_line' id='line_1_32' title="bbox 205 4286 1512 4360; baseline -0.007 -13"><span class='ocrx_word' id='word_1_316' title='bbox 205 4290 245 4347; x_wconf 79' lang='lat'><strong>14</strong></span> <span class='ocrx_word' id='word_1_317' title='bbox 267 4290 424 4360; x_wconf 76' lang='lat' dir='ltr'><strong>manducet]</strong></span> <span class='ocrx_word' id='word_1_318' title='bbox 445 4291 528 4344; x_wconf 80' lang='lat' dir='ltr'><strong>»Umd</strong></span> <span class='ocrx_word' id='word_1_319' title='bbox 547 4291 649 4344; x_wconf 73' lang='lat' dir='ltr'><strong>mietio</strong></span> <span class='ocrx_word' id='word_1_320' title='bbox 666 4289 742 4344; x_wconf 73' lang='lat' dir='ltr'><strong>miehi</strong></span> <span class='ocrx_word' id='word_1_321' title='bbox 758 4307 860 4346; x_wconf 76' lang='lat' dir='ltr'><strong>esem«.</strong></span> <span class='ocrx_word' id='word_1_322' title='bbox 888 4288 1059 4342; x_wconf 80' lang='lat' dir='ltr'><strong>Momdurot‘?</strong></span> <span class='ocrx_word' id='word_1_323' title='bbox 1088 4289 1143 4344; x_wconf 90' lang='lat' dir='ltr'><strong>Der</strong></span> <span class='ocrx_word' id='word_1_324' title='bbox 1160 4288 1260 4359; x_wconf 78' lang='lat' dir='ltr'><strong>griooh.</strong></span> <span class='ocrx_word' id='word_1_325' title='bbox 1278 4287 1356 4354; x_wconf 84' lang='lat' dir='ltr'><strong>Text,</strong></span> <span class='ocrx_word' id='word_1_326' title='bbox 1373 4286 1401 4341; x_wconf 94' lang='lat' dir='ltr'><strong>It</strong></span> <span class='ocrx_word' id='word_1_327' title='bbox 1417 4287 1512 4357; x_wconf 86' lang='lat' dir='ltr'><strong>(Codd.</strong></span> 
     </span>
     <span class='ocr_line' id='line_1_33' title="bbox 203 4370 1512 4445; baseline -0.003 -15"><span class='ocrx_word' id='word_1_328' title='bbox 203 4393 230 4430; x_wconf 91' lang='lat' dir='ltr'><strong>u.</strong></span> <span class='ocrx_word' id='word_1_329' title='bbox 249 4374 339 4430; x_wconf 67' lang='lat' dir='ltr'><strong>entare</strong></span> <span class='ocrx_word' id='word_1_330' title='bbox 359 4375 405 4430; x_wconf 91' lang='lat' dir='ltr'><strong>bei</strong></span> <span class='ocrx_word' id='word_1_331' title='bbox 427 4376 481 4430; x_wconf 86' lang='lat' dir='ltr'><strong>don</strong></span> <span class='ocrx_word' id='word_1_332' title='bbox 498 4375 612 4442; x_wconf 70' lang='lat' dir='ltr'><strong>Vitem)</strong></span> <span class='ocrx_word' id='word_1_333' title='bbox 639 4375 696 4429; x_wconf 87' lang='lat' dir='ltr'><strong>und</strong></span> <span class='ocrx_word' id='word_1_334' title='bbox 713 4374 797 4445; x_wconf 84' lang='lat' dir='ltr'><strong>Vulg.</strong></span> <span class='ocrx_word' id='word_1_335' title='bbox 819 4375 910 4429; x_wconf 78' lang='lat' dir='ltr'><strong>haben</strong></span> <span class='ocrx_word' id='word_1_336' title='bbox 932 4373 987 4428; x_wconf 86' lang='lat' dir='ltr'><strong>elle</strong></span> <span class='ocrx_word' id='word_1_337' title='bbox 1014 4373 1067 4428; x_wconf 92' lang='lat' dir='ltr'><strong>den</strong></span> <span class='ocrx_word' id='word_1_338' title='bbox 1090 4373 1229 4429; x_wconf 80' lang='lat' dir='ltr'><strong>lndikativ</strong></span> <span class='ocrx_word' id='word_1_339' title='bbox 1252 4373 1257 4441; x_wconf 93' lang='grc'>1</span> <span class='ocrx_word' id='word_1_340' title='bbox 1283 4373 1321 4429; x_wconf 82' lang='grc'><strong>18</strong></span> <span class='ocrx_word' id='word_1_341' title='bbox 1345 4370 1425 4440; x_wconf 87' lang='lat' dir='ltr'><strong>dixit]</strong></span> <span class='ocrx_word' id='word_1_342' title='bbox 1447 4370 1512 4426; x_wconf 81' lang='lat' dir='ltr'><strong>cod.</strong></span> 
     </span>
     <span class='ocr_line' id='line_1_34' title="bbox 204 4450 1512 4530; baseline -0.004 -16"><span class='ocrx_word' id='word_1_343' title='bbox 204 4459 306 4514; x_wconf 83' lang='lat' dir='ltr'><strong>dixisti.</strong></span> <span class='ocrx_word' id='word_1_344' title='bbox 336 4459 443 4515; x_wconf 77' lang='lat' dir='ltr'><strong>›Dixit‹</strong></span> <span class='ocrx_word' id='word_1_345' title='bbox 463 4459 592 4530; x_wconf 79' lang='lat' dir='ltr'><strong>verlongt</strong></span> <span class='ocrx_word' id='word_1_346' title='bbox 609 4459 658 4514; x_wconf 90' lang='lat' dir='ltr'><strong>der</strong></span> <span class='ocrx_word' id='word_1_347' title='bbox 675 4459 920 4529; x_wconf 79' lang='lat' dir='ltr'><strong>Znsemmenhsng.</strong></span> <span class='ocrx_word' id='word_1_348' title='bbox 951 4458 1030 4513; x_wconf 80' lang='lat' dir='ltr'><strong>Anoh</strong></span> <span class='ocrx_word' id='word_1_349' title='bbox 1047 4460 1097 4513; x_wconf 85' lang='lat' dir='ltr'><strong>het</strong></span> <span class='ocrx_word' id='word_1_350' title='bbox 1114 4457 1162 4512; x_wconf 90' lang='lat' dir='ltr'><strong>der</strong></span> <span class='ocrx_word' id='word_1_351' title='bbox 1179 4475 1220 4528; x_wconf 75' lang='lat' dir='ltr'><strong>gr.</strong></span> <span class='ocrx_word' id='word_1_352' title='bbox 1231 4457 1260 4512; x_wconf 86' lang='lat' dir='ltr'><strong>T.</strong></span> <span class='ocrx_word' id='word_1_353' title='bbox 1273 4450 1353 4512; x_wconf 79' lang='grc' dir='ltr'><strong><em>εἶπεν</em></strong></span> <span class='ocrx_word' id='word_1_354' title='bbox 1368 4456 1372 4523; x_wconf 89' lang='grc' dir='ltr'>Ι</span> <span class='ocrx_word' id='word_1_355' title='bbox 1388 4456 1427 4510; x_wconf 75' lang='grc'><strong>22</strong></span> <span class='ocrx_word' id='word_1_356' title='bbox 1446 4455 1512 4510; x_wconf 82' lang='lat' dir='ltr'><strong>Cod</strong></span> 
     </span>
     <span class='ocr_line' id='line_1_35' title="bbox 203 4541 1513 4614; baseline -0.004 -17"><span class='ocrx_word' id='word_1_357' title='bbox 203 4542 301 4614; x_wconf 78' lang='lat' dir='ltr'><strong>legem.</strong></span> <span class='ocrx_word' id='word_1_358' title='bbox 336 4544 414 4600; x_wconf 78' lang='lat' dir='ltr'><strong>Naoh</strong></span> <span class='ocrx_word' id='word_1_359' title='bbox 431 4543 611 4600; x_wconf 79' lang='lat' dir='ltr'><strong>nnmittelbsr</strong></span> <span class='ocrx_word' id='word_1_360' title='bbox 629 4543 869 4614; x_wconf 80' lang='lat' dir='ltr'><strong>vorengehendem</strong></span> <span class='ocrx_word' id='word_1_361' title='bbox 893 4545 936 4596; x_wconf 82' lang='lat' dir='ltr'><strong>»et</strong></span> <span class='ocrx_word' id='word_1_362' title='bbox 958 4544 1102 4613; x_wconf 74' lang='lat' dir='ltr'><strong>propterea</strong></span> <span class='ocrx_word' id='word_1_363' title='bbox 1124 4559 1157 4596; x_wconf 94' lang='lat' dir='ltr'><strong>eo</strong></span> <span class='ocrx_word' id='word_1_364' title='bbox 1175 4541 1276 4596; x_wconf 73' lang='lat' dir='ltr'><strong>utitur·</strong></span> <span class='ocrx_word' id='word_1_365' title='bbox 1302 4541 1432 4596; x_wconf 69' lang='lat' dir='ltr'><strong>ermartet</strong></span> <span class='ocrx_word' id='word_1_366' title='bbox 1448 4557 1513 4594; x_wconf 79' lang='lat' dir='ltr'><strong>mun</strong></span> 
     </span>
     <span class='ocr_line' id='line_1_36' title="bbox 206 4627 985 4699; baseline -0.004 -17"><span class='ocrx_word' id='word_1_367' title='bbox 206 4627 307 4699; x_wconf 63' lang='lat' dir='ltr'><strong>»legen</strong></span> <span class='ocrx_word' id='word_1_368' title='bbox 341 4633 387 4684; x_wconf 80' lang='lat' dir='ltr'><strong>An</strong></span> <span class='ocrx_word' id='word_1_369' title='bbox 403 4629 461 4684; x_wconf 84' lang='lat' dir='ltr'><strong>und</strong></span> <span class='ocrx_word' id='word_1_370' title='bbox 479 4629 523 4683; x_wconf 78' lang='lat' dir='ltr'><strong>frix</strong></span> <span class='ocrx_word' id='word_1_371' title='bbox 539 4628 599 4683; x_wconf 89' lang='lat' dir='ltr'><strong>sioh</strong></span> <span class='ocrx_word' id='word_1_372' title='bbox 617 4628 722 4682; x_wconf 85' lang='lat' dir='ltr'><strong>ldnnte</strong></span> <span class='ocrx_word' id='word_1_373' title='bbox 741 4627 861 4698; x_wconf 70' lang='lat' dir='ltr'><strong>›legem‹</strong></span> <span class='ocrx_word' id='word_1_374' title='bbox 882 4627 985 4682; x_wconf 82' lang='lat' dir='ltr'><strong>stehen.</strong></span> 
     </span>
    </p>
   </div>
   <div class='ocr_carea' id='block_1_9' title="bbox 0 0 1877 5524">
    <p class='ocr_par' dir='ltr' id='par_1_11' title="bbox 0 0 1877 5524">
     <span class='ocr_line' id='line_1_37' title="bbox 0 0 1877 5524; baseline 0 0"><span class='ocrx_word' id='word_1_375' title='bbox 0 0 1877 5524; x_wconf 95' lang='lat' dir='ltr'><strong> </strong></span> 
     </span>
    </p>
   </div>
  </div>
 </body>
</html>
