3708 5528
211 478 323 550 Gaspari
340 480 353 534 I
371 496 394 535 c.
413 482 436 533 7.
815 482 924 552 Dialog.
1483 490 1521 550 15

295 672 320 714 o.
341 650 426 720 Vll.
461 655 534 732 May.
556 657 596 718 d:
617 651 805 736 Discrepant
825 653 894 736 ipsa
917 653 1081 738 euangelia
1103 658 1135 718 εὴ
1153 654 1277 720 diuersa
1298 654 1418 734 dieunt,
1439 655 1523 718 unde

212 753 244 812 et
264 748 345 813 falsa
366 752 521 814 credenda
541 755 623 816 sunt.

294 853 350 914 Ad.
372 853 411 913 d:
437 849 546 914 Alium
568 856 599 914 et
620 851 717 916 alium
739 850 899 917 Christum
926 855 1114 917 annuntiant
1140 859 1171 918 et
1196 854 1313 918 idoiroo
1345 877 1382 919 ea
1408 854 1522 918 discre-

211 970 285 1031 pare
308 948 405 1013 diois?

168 1052 193 1104 '5
293 1053 366 1130 Moy.
389 1054 428 1113 d:
458 1047 541 1129 Non,
563 1053 619 1115 sed
640 1051 797 1116 contraria
818 1051 878 1115 sibi
901 1051 1037 1115 inuicem
1060 1052 1177 1118 diount.

294 1153 349 1212 Ad.
372 1153 411 1214 d:
438 1148 544 1213 Defini
566 1153 651 1234 quod
666 1150 722 1214 uis.
763 1150 943 1234 Spiritalem
958 1151 1041 1234 diois·
1060 1173 1126 1216 esse
1148 1175 1274 1218 sensum
1295 1155 1459 1238 seripturis
1483 1178 1522 1218 an

211 1270 326 1331 purum
348 1251 379 1312 et
399 1247 593 1329 historicum,
614 1271 673 1314 neo
695 1250 781 1316 aliud
800 1251 922 1335 aliquid
942 1250 1131 1316 intrinsecus
1154 1253 1385 1319 continentem?
1411 1253 1520 1319 Unum

212 1351 298 1432 quod
319 1347 368 1412 nis
391 1351 500 1424 statue,
522 1352 558 1412 ut
578 1349 624 1412 ita
645 1352 771 1416 demum
792 1350 893 1434 possit
914 1352 1106 1435 quaestionis
1129 1354 1205 1416 ordo
1227 1356 1404 1435 procedere.

294 1453 368 1528 Mep.
389 1453 429 1512 d:
454 1446 554 1512 Putas
581 1448 651 1513 dieo
679 1453 711 1513 et
735 1451 795 1516 hoc
821 1455 944 1514 tantum
972 1453 1058 1534 quod
1080 1451 1231 1534 scriptum
1254 1457 1301 1518 est
1327 1455 1442 1519 habere
1465 1475 1522 1519 neo

162 1555 194 1608 10
212 1547 382 1632 quicquam
404 1547 498 1612 aliud.

295 1652 350 1710 Ad
371 1651 412 1711 d:
438 1647 521 1724 Quid
543 1667 617 1732 ergo
645 1653 799 1733 estquod
825 1651 902 1716 dioit
923 1649 1066 1716 Christus
1093 1651 1167 1736 quia
1192 1651 1277 1716 filius
1299 1651 1434 1718 hominis
1461 1653 1522 1718 sit?

212 1745 246 1810 Si
267 1745 352 1811 filius
374 1747 510 1812 hominis
532 1752 588 1827 est,
610 1751 782 1814 seeundum
802 1754 834 1813 te
856 1752 907 1815 dei
928 1751 1012 1815 filius
1035 1773 1099 1816 non
1120 1751 1186 1816 erit.

294 1851 368 1928 May.
390 1851 429 1910 d:
456 1845 556 1912 Filius
578 1848 628 1911 dei
650 1852 704 1912 est.

295 1951 380 2010 Eutr.
403 1951 443 2011 d:
470 1947 532 2011 Sed
555 1947 693 2012 definisti
715 1948 789 2031 quia
811 1971 890 2032 quae
914 1949 1031 2032 scripta
1051 1955 1126 2016 sunt
1147 1951 1193 2016 sie
1214 1953 1349 2016 debeant
1369 1951 1520 2037 intellegi,

161 2052 193 2106 15
211 2049 247 2110 ut
267 2045 384 2129 scripta
404 2051 486 2112 sunt
522 2045 687 2122 Quomodo
710 2067 785 2132 ergo
808 2052 855 2112 est
876 2048 961 2112 filius
983 2051 1041 2128 dei,
1064 2051 1118 2135 qui
1141 2051 1299 2134 seipsum
1322 2051 1399 2116 dioit
1419 2051 1521 2116 filium

210 2144 347 2211 hominis
369 2149 456 2210 esse?
1310 2135 1313 2144 ¹

294 2249 366 2324 Mep.
388 2251 427 2310 d:
453 2244 608 2311 Parabola
628 2268 704 2311 usus
727 2251 782 2327 est,
804 2247 910 2312 dicens
932 2271 965 2312 se
987 2271 1054 2314 esse
1076 2249 1177 2314 filium
1200 2251 1343 2315 hominis.

293 2349 380 2408 llutr.
402 2351 441 2409 d:
462 2345 618 2410 Parabola
639 2344 813 2429 spiritalem
833 2347 1029 2413 intellectum
1051 2350 1153 2426 habet,
1172 2373 1211 2414 an
1233 2350 1439 2416 historicum?

294 2451 367 2526 Mep.
389 2451 429 2510 d:
452 2444 640 2528 Spiritalem.
1300 2477 1303 2482 ·

161 2547 194 2602 20
295 2550 381 2609 ldntr.
396 2550 436 2610 d:
458 2544 623 2621 Quomodo
639 2563 713 2628 ergo
736 2546 813 2609 diois
834 2568 898 2610 non
914 2569 980 2611 esse
999 2548 1171 2631 spiritalem
1193 2549 1401 2632 scripturam?
1423 2547 1521 2633 Spiri-

211 2641 284 2706 talis
307 2662 381 2727 ergo
404 2647 452 2708 est
474 2648 504 2708 εὴ
525 2666 590 2708 non
610 2666 690 2726 pura
711 2647 743 2708 et
762 2645 921 2710 historioa.

294 2747 369 2824 Moy.
389 2749 429 2808 d:
452 2742 611 2819 Quaedam
633 2743 786 2827 spiritalia
806 2745 909 2824 habet,
932 2750 1086 2830 quaedam
1108 2747 1154 2812 sio
1174 2746 1359 2830 simpliciter
1381 2748 1472 2814 dieta

295 2848 382 2908 Falla
404 2849 444 2910 d:
465 2841 593 2908 Uideris
614 2844 692 2908 mihi
713 2844 921 2910 inconstantis
944 2867 1010 2910 esse
1032 2847 1212 2911 sententiae.

293 2948 367 3022 Mep.
388 2949 429 3007 ct:
451 2941 515 3008 Ubi
538 2944 757 3027 scriptumest
778 2967 845 3009 esse
866 2943 1040 3026 parabolas,
1062 2944 1119 3009 illa
1137 2945 1293 3029 spiritalia
1313 2951 1395 3028 sunt,
1416 2953 1519 3013 oetera

160 3043 193 3098 25
212 3064 286 3106 uero
309 3042 467 3108 historica.

294 3147 348 3206 Ad.
363 3148 402 3207 d:
424 3140 571 3208 Ostendis
593 3162 668 3227 ergo
684 3143 759 3227 quia
780 3146 818 3208 de
833 3142 900 3208 filio
915 3143 1052 3209 hominis
1067 3147 1219 3229 seriptum
1237 3151 1285 3211 est
1309 3145 1518 3229 »parabolari’

209 3238 377 3325 Nusquam
396 3243 456 3306 hoo
476 3242 629 3325 scriptum
651 3247 709 3322 est,
736 3247 767 3308 et
786 3242 857 3308 ideo
880 3248 1053 3309 seeundum
1073 3250 1105 3310 te
1127 3250 1182 3310 aut
1202 3249 1337 3310 mendax
1358 3245 1520 3311 inuenitur

210 3341 265 3425 qui
287 3363 320 3406 se
341 3341 445 3425 ipsum
467 3341 569 3407 filium
590 3342 726 3407 hominis
749 3343 838 3422 dicit,
864 3365 937 3408 oum
957 3366 1021 3409 non
1044 3345 1085 3410 sit
1105 3344 1191 3410 filius
1212 3345 1362 3425 hominis,
1388 3351 1444 3410 aut
1464 3368 1518 3410 ne·

210 3462 295 3505 cesse
317 3445 364 3506 est
385 3441 569 3525 spiritaliter
587 3441 730 3526 intellegi
749 3443 918 3526 scripturas
942 3449 973 3508 et
993 3466 1058 3509 non
1079 3445 1125 3509 ita
1145 3445 1275 3528 suscipi,
1299 3467 1380 3530 quae
1402 3445 1518 3529 scripta

158 3539 192 3594 30
209 3543 291 3620 sunt,
313 3543 395 3606 siout
416 3542 532 3625 soripta
554 3547 635 3608 sunt

295 3723 334 3780 28
354 3722 504 3795 »Scriptum
523 3741 581 3779 esse
598 3724 745 3794 parabola«
765 3725 817 3778 mit
836 3727 880 3779 »e«
899 3752 932 3768 =
951 3729 1022 3781 ›ost‹
1041 3726 1110 3779 iiber
1126 3727 1175 3781 der
1187 3725 1259 3781 Zeile
1273 3727 1361 3782 bietet
1380 3727 1428 3783 der
1439 3726 1516 3783 God.;

210 3805 322 3878 Caspari
340 3807 399 3862 will
418 3807 565 3879 »seriptum
582 3812 624 3865 est
641 3826 700 3863 esse
716 3809 905 3880 parabolam«.
922 3839 957 3850 -—
974 3811 1005 3865 Β.
