3744 5524
290 523 293 530 ,
353 443 411 561 108
907 483 1097 539 Adamantius.
1304 483 1345 537 De
1361 481 1391 536 la
1407 481 1466 537 Rue
1483 483 1508 536 11
1525 482 1657 538 Βίου-α

353 653 493 724 αἰώνων
508 657 684 741 οἰκονομία
699 655 762 736 τοῦ
776 644 1031 738 ἀνεξιχνιάστου
1046 644 1200 718 πλούτου
1215 651 1278 717 τοῦ
1288 650 1439 736 Χριστοῦ
1454 642 1659 735 ἀποκεκρυμ-

352 758 444 841 μένη,
467 755 523 820 καί
545 746 650 822 τοῦτό
666 754 737 821 ἐστι
760 746 802 819 τό
823 745 1011 838 μυστήριον
1032 739 1051 816 ό
1078 742 1323 836 εὐαγγελίζεται
1344 752 1400 816 καὶ
1422 753 1565 832 φωτίζει
1587 765 1659 827 τοῖς

352 853 468 922 ἔθνεσι
489 855 638 935 Παῦλος,
666 846 819 938 φανερόν
840 841 895 919 ότι
917 853 980 919 τοῦ
1001 841 1182 926 κτίσαντός
1203 849 1296 916 ἐστιν
1317 841 1524 931 ἀπόστολος,
1553 841 1572 918 ό
1594 845 1661 936 τὴν

353 955 391 1022 έν
414 947 508 1040 αῦτῷ
531 945 834 1041 ἀποκεκρυμμένην
854 954 1020 1034 φωτίζων
1036 951 1243 1035 οἰκονομίαν,
1267 942 1331 1016 τόν
1353 973 1391 1016 τε
1405 943 1660 1035 ἀνεξιχνίαστον

319 1056 509 1122 ὅπλοῦτον
530 1055 593 1119 τοῦ
609 1053 760 1140 Χριστοῦ
781 1044 841 1136 οῦχ
864 1049 989 1136 ἑτέρου,
1013 1041 1101 1119 ἀλλὰ
1123 1052 1186 1117 τοῦ
1206 1042 1323 1116 πάντα
1337 1053 1518 1128 κτίσαντος
1540 1053 1660 1135 λέγων.

353 1157 387 1220 τί
414 1147 496 1240 μὴν;
527 1154 646 1235 σαφῶς
672 1154 728 1217 καὶ
754 1141 1012 1234 ἀναντιρρῆτως
1039 1149 1171 1236 ἐπέγνω
1201 1143 1265 1215 τόν
1293 1141 1399 1234 νόμον
1425 1151 1481 1214 καί
1511 1143 1554 1215 τά
1584 1139 1659 1215 κατ’

354 1247 461 1321 αῦτόν
481 1244 740 1338 προστάγματα,
768 1254 849 1336 φησὶ
871 1243 981 1335 <γάρ>·
1009 1242 1110 1315 ὥστε
1137 1241 1156 1317 ό
1178 1252 1248 1335 μὲν
1270 1241 1392 1334 νόμος
1418 1237 1531 1335 άγιος
1552 1239 1660 1332 καὶὴ

319 1348 501 1437 οἐντολὴ
524 1344 614 1436 άγία
635 1352 699 1416 καὶ
722 1350 855 1416 δικαία
876 1350 940 1415 καί
963 1340 1109 1434 ἀγαθή·
1131 1342 1319 1417 καίπάλιν·
1343 1341 1364 1434 ἡ
1386 1340 1572 1435 ἀμαρτία,
1595 1343 1660 1414 ίνα

354 1456 461 1537 φανῇ
483 1443 670 1538 ἀμαρτία,
694 1443 758 1515 διὰ
780 1451 851 1516 τοῦ
867 1439 1023 1533 ἀγαθοῦ
1043 1451 1452 1534 μοικατεργαζομένη
1468 1441 1660 1515 θάνατον.

303 1557 336 1612 10
354 1543 486 1637 ἀγαθῆς
512 1553 634 1617 τοίνυν
661 1550 722 1634 τῆς
748 1544 837 1615 κατὰ
859 1541 923 1614 τόν
944 1539 1053 1633 νόμον
1075 1535 1176 1632 οῦσης
1201 1548 1359 1633 ἐντολῆς,
1391 1540 1439 1626 (ῦς
1464 1549 1659 1633 γέγραπται,

354 1639 531 1736 δηλονότι
553 1639 684 1734 ἀγαθός
699 1647 734 1731 ἐξ
755 1639 902 1733 ἀνάγκης
918 1638 1289 1733 ὁμολογηθὴσεταικαὶ
1312 1638 1331 1714 ό
1353 1643 1433 1725 δοῦς
1455 1639 1572 1732 αῦτήν,
1595 1645 1661 1730 εἴγε

354 1750 391 1816 ἐκ
413 1750 476 1816 τοῦ
505 1750 639 1835 καρποῦ
665 1741 706 1814 τό
734 1748 877 1833 δένδρον
898 1743 1112 1833 γινώσκεται·
1142 1749 1197 1811 καὶ
1217 1739 1336 1816 πάλιν·
1367 1741 1564 1834 περιτομὴ
1591 1748 1662 1830 μὲν

354 1843 427 1935 γάρ
451 1840 603 1931 ἀφελεῖ
623 1843 692 1914 ἐὰν
716 1839 840 1932 νόμον
861 1838 1046 1932 πράσσης.
1083 1846 1111 1911 εί
1132 1841 1195 1932 γάρ
1212 1838 1340 1928 ἀφελεῖ
1359 1837 1381 1930 ἦ
1399 1841 1565 1932 περιτομὴ
1581 1841 1662 1921 τοῦς

354 1940 572 2033 πράσσοντας
599 1940 664 2013 τόν
691 1939 812 2031 νόμον,
844 1938 997 2031 φανερόν
1023 1934 1078 2012 ότι
1099 1937 1212 2031 ἀγαθὴ
1235 1937 1350 2023 αῦτοῖς
1372 1937 1579 2030 εῦρίσκεται.’
1610 1947 1662 2021 τίς

305 2054 338 2108 15
356 2043 419 2134 γάρ
447 2037 560 2124 οῦτως
587 2048 736 2131 μέμηνεν
762 2037 810 2124 οός
832 2040 876 2111 τὰ
905 2036 1110 2128 ω’φελοῦντα
1131 2040 1176 2130 μὴ
1197 2035 1378 2131 ὁμολογεῖν
1400 2036 1532 2130 ἀγαθά·
1561 2045 1618 2110 καὶ
1641 2033 1661 2128 ἦ

318 2145 337 2198 d
354 2141 410 2213 διὰ
431 2148 584 2224 Μωσέως
606 2149 747 2214 δοθεῖσα
767 2149 876 2233 πέτρα
898 2137 1081 2231 ῦΧριστός
1095 2132 1148 2228 ἦν,
1172 2136 1219 2222 σός
1240 2146 1365 2229 δέδειχε
1379 2146 1522 2222 Παῦλος.
1557 2135 1580 2228 ἢ
1600 2131 1663 2211 οῦν

355 2238 617 2329 ἀποφανοῦνται
644 2238 706 2313 οῦκ
731 2237 865 2330 ἀγαθόν
893 2238 958 2312 τόν
979 2238 1145 2330 Χριστόν,
1176 2235 1198 2328 ἢ
1225 2238 1289 2311 τόν
1315 2236 1423 2311 δόντα
1444 2239 1510 2329 τὴν
1531 2246 1663 2328 πέτραν

354 2338 489 2431 ἀγαθόν
515 2335 767 2431 ὁμολογήσουσι.
811 2339 856 2412 τό
884 2346 924 2411 δὲ
950 2337 1152 2430 ποτήριον
1181 2346 1251 2428 τῆς
1282 2336 1483 2429 εῦλογίας,
1514 2335 1590 2409 τόν
1619 2367 1662 2409 τε

356 2440 485 2529 ἄρτον
507 2434 553 2513 όν
574 2449 731 2528 κλῶμεν
751 2437 850 2531 ἥνικα
866 2438 909 2511 ἀν
923 2447 1002 2529 λέγη
1022 2446 1094 2511 τοῦ
1115 2439 1284 2528 αίματος
1303 2445 1369 2509 καί
1391 2438 1663 2528 τοῦσώματος

305 2547 428 2613 2οτοῦ
458 2547 600 2629 κυρίου
629 2543 731 2612 είναι
761 2549 996 2624 κοινωνίαν,
1028 2535 1101 2627 οῦχὶ
1131 2534 1273 2621 πάντως
1297 2545 1354 2608 καί
1379 2535 1492 2628 ἀγαθὰ
1519 2561 1663 2609 συνυπα-

356 2639 519 2713 κούεσθαι
539 2639 711 2728 βούλεται;
740 2645 769 2712 εί
792 2644 828 2711 δὲ
849 2636 908 2729 μή,
939 2637 1026 2727 πρὸς
1052 2637 1095 2709 τά
1116 2637 1252 2727 πονηρὰ
1278 2639 1372 2708 ἔσται
1394 2634 1415 2727 ἦ
1436 2644 1500 2709 τοῦ
1521 2641 1662 2726 αἵματος

356 2748 412 2810 καὶ
438 2747 502 2812 τοῦ
530 2740 687 2830 σώματος
714 2747 778 2812 τοῦ
805 2747 956 2828 Χριστοῦ
980 2735 1085 2827 Ἰησοῦ
1114 2745 1293 2822 κοινωνία,
1324 2744 1378 2808 καὶ
1404 2735 1516 2827 μάτην
1543 2735 1663 2827 λεχθή-

357 2862 463 2911 σεται·
494 2847 555 2923 τίς
579 2846 778 2911 κοινωνία
806 2847 912 2928 φωτὶ
938 2836 1039 2929 πρὸς
1065 2834 1224 2921 σκότος;
1254 2835 1313 2907 ἐὰν
1339 2841 1375 2907 δέ
1400 2843 1457 2909 καί
1484 2835 1525 2908 τό
1552 2841 1589 2908 έν
1610 2843 1662 2925 τῷ

357 2935 790 3030 εῦαγγελίῳγεγραμμένον
817 2935 1010 3029 ἀναγνοῦσιν
1037 2932 1104 3009 ότι·
1135 2932 1154 3008 ό
1184 2937 1320 3025 κῦριος
1351 2933 1577 3024 ἀναβλέψας
1608 2942 1663 3019 εἰς

306 3045 340 3101 25
358 3036 430 3109 τόν
452 3034 627 3127 οῦρανόν
641 3035 880 3127 εὐχαριστεῖ,
903 3034 977 3127 οῦχὶ
990 3036 1077 3128 πρὸς
1092 3035 1155 3108 τόν
1169 3044 1312 3124 κτίστην
1326 3032 1525 3126 εῦχαριστεῖ;
1547 3037 1663 3120 λαβὼν

324 3142 394 3207 θδὲ
416 3136 525 3224 ἄρτον
546 3144 602 3209 καὶ
624 3135 794 3228 ποτήριον
815 3145 871 3209 καὶ
893 3134 1084 3227 εὐλογήσας,
1108 3138 1226 3227 ἓτερον
1249 3129 1311 3209 οῦν
1333 3131 1465 3224 εῦλογεῖ
1484 3132 1568 3224 ῦπὲρ
1589 3141 1664 3207 τοῦν

357 3243 420 3306 τοῦ
447 3242 653 3326 δημιουργοῦ
679 3234 889 3326 κτισμάτων,
921 3233 943 3326 ἢ
969 3235 1033 3308 τόν
1060 3233 1146 3308 αῦτά
1166 3233 1359 3326 ποιήσαντα
1379 3243 1436 3307 καί
1456 3241 1664 3325 παρέχοντα,Ι

440 3344 518 3406 ΜΠ.
552 3332 659 3425 Ἡμεῖς
681 3334 749 3409 ἀπὸ
765 3343 828 3408 τοῦ
844 3332 1041 3409 ἀποστόλου
1054 3344 1109 3407 καὶ
1131 3344 1195 3409 τοῦ
1216 3333 1409 3426 εὐαγγελίου
1423 3332 1594 3425 ἐμάθομεν
1608 3341 1664 3405 καὶ

358 3435 423 3506 τόν
443 3435 648 3526 δημιουργόν
670 3445 727 3507 καὶ
748 3436 792 3508 τά
812 3444 980 3525 κτίσματα
1001 3433 1107 3508 αῦτοῦ
1128 3433 1271 3524 πονηρά.

305 3545 340 3600 30
440 3541 507 3605 ΑΔ.
544 3529 583 3605 “A
605 3529 624 3606 ό
648 3534 797 3624 Χριστός
820 3532 932 3626 ἀγαθὰ
955 3531 1114 3625 ὁμολογεῖ
1134 3535 1174 3606 σύ
1196 3542 1301 3625 λέγεις
1323 3532 1466 3624 πονηρά.

441 3643 522 3736 ΜΠ
556 3631 603 3704 Οῦ
618 3641 705 3724 λέγει
720 3632 854 3724 ἀγαθόν
869 3635 934 3708 τόν
948 3635 1076 3724 κόσμον
1091 3631 1169 3708 οῦδὲ
1188 3635 1233 3706 τὰ
1246 3643 1413 3725 κτίσματα
1436 3631 1554 3707 αῦτοῦ·
1577 3641 1664 3724 λέγει

359 3731 433 3824 γάρ·
454 3741 487 3805 εί
505 3733 795 3823 ι’γτεέκτούτου
810 3743 883 3808 τοῦ
903 3732 1067 3825 κόσμου,
1090 3730 1269 3824 όκόσμος
1284 3732 1331 3806 ἀν
1346 3734 1392 3807 τὸ
1407 3739 1514 3808 ἴδιον
1529 3739 1665 3821 έφίλει.

441 4055 493 4124 ve]
506 4056 583 4112 Rom.
596 4058 612 4110 7
618 4075 624 4110 :
637 4057 679 4111 12.
692 4086 726 4098 -
738 4056 796 4126 819]
808 4057 887 4114 Rom.
900 4059 929 4112 7:
942 4061 982 4114 13.
995 4087 1028 4096 —
1042 4057 1139 4126 12118]
1152 4058 1230 4112 Rom.
1240 4055 1269 4110 2:
1282 4057 1324 4111 25.
1336 4085 1369 4094 -
1383 4056 1428 4125 15]
1441 4060 1455 4110 1
1470 4056 1531 4113 Cor.
1541 4058 1585 4113 10:
1597 4059 1621 4111 4.
1631 4085 1665 4094 -

358 4139 481 4210 18-20]
507 4144 522 4195 1
539 4140 657 4197 Gor.10:
671 4143 712 4197 16.
735 4171 768 4180 -
791 4141 841 4212 23]
863 4143 993 4198 200r.6:
1006 4143 1047 4196 14.
1068 4171 1102 4181 -
1125 4139 1222 4210 24γ25]
1247 4141 1297 4195 Mn
1317 4143 1361 4195 14:
1376 4142 1419 4208 19,
1443 4141 1596 4208 Μα6τ41,
1619 4140 1664 4193 La

356 4225 441 4281 9:16.
460 4254 494 4264 —
512 4225 562 4296 82]
581 4227 643 4282 Joh.
658 4227 757 4283 15:19.

445 4393 459 4447 7
480 4389 536 4464 γὰρ
554 4402 588 4453 <
605 4393 631 4448 d.
648 4393 720 4448 Hss.
736 4395 740 4462 Ι
757 4397 794 4451 ll
814 4393 944 4465 δηλονότι
962 4393 988 4448 d„
1006 4393 1077 4448 Hss.
1094 4394 1098 4461 Ι
1115 4392 1152 4449 16
1169 4389 1188 4460 ἢ
1204 4383 1265 4463 οῦν]
1284 4391 1311 4450 εί
1329 4385 1379 4448 οῦν
1397 4394 1455 4458 FH,
1480 4386 1530 4450 οῦν
1547 4403 1580 4453 <
1598 4393 1664 4450 3¹0.

357 4477 507 4532 Vielleioht
522 4494 581 4532 war
592 4477 642 4534 der
653 4481 806 4551 ursprflngl.
819 4479 900 4534 Text:
917 4480 967 4534 καί
984 4475 1041 4548 (εἰ)
1058 4475 1132 4546 ὴδιὰ
1145 4475 1275 4543 Μωσέως
1287 4517 1293 4532 .
1304 4518 1310 4532 .
1320 4518 1327 4532 .
1338 4517 1353 4541 .,
1372 4472 1413 4544 ὣς
1427 4477 1531 4550 δέδειχε
1544 4480 1665 4544 Παῦλος,

357 4560 374 4630 ἢ
392 4559 609 4632 ἀποφανοῦνται
625 4557 681 4620 κτὲ.
696 4567 701 4632 Ι
717 4565 807 4631 22122
825 4565 874 4620 καί
890 4561 983 4633 μάτην
999 4563 1180 4633 λεχθήσεται·
1202 4563 1245 4628 τίς
1262 4564 1398 4619 κοινωνία
1420 4563 1492 4619 habe
1509 4564 1555 4620 ich
1571 4563 1665 4618 hinzu-

357 4646 455 4716 gefflgt
471 4647 523 4702 mit
539 4647 657 4703 εεουε
671 4650 676 4717 ι
692 4649 731 4704 υο
749 4643 768 4704 υ
786 4648 877 4704 haben
899 4647 1016 4703 υουεε
1029 4648 1098 4711 αα..
1116 4646 1180 4716 ευ,
1199 4657 1233 4708 <
1250 4648 1276 4704 d.
1288 4649 1355 4712 abr„
1375 4649 1431 4719 vgl.
1444 4649 1516 4704 μου.
1534 4651 1579 4716 ς1
1597 4665 1622 4703 ε
1634 4648 1665 4703 υ.
