3708 5528
218 520 330 592 Caepari
347 523 360 576 I
378 538 400 576 e.
419 525 443 578 5.
462 523 485 576 6.
816 517 926 589 Dielog.
1487 530 1523 589 11

214 695 284 776 ipso
307 694 393 775 quod
413 690 494 754 falsa
513 694 587 754 sunt
608 689 831 773 approbantur.
868 686 931 752 Cur
953 687 1035 752 enim
1056 687 1105 752 illi
1127 688 1287 774 discipuli,
1314 711 1449 774 quorum
1470 713 1527 755 no-

214 793 301 857 mina
314 792 348 856 in
363 790 525 875 euangelio
541 793 658 873 scripta
672 793 754 866 sunt,
777 787 942 871 euangelia
956 809 1020 853 non
1035 789 1236 871 seripserunt,
1258 791 1313 854 sed
1335 789 1397 870 alii,
1419 790 1525 856 neseio

216 892 280 976 qui,
306 890 393 975 (qui)
415 912 474 955 nee
494 891 622 955 fuerunt
643 887 809 966 discipulit>
840 886 917 963 Quis
940 891 987 951 est
1008 885 1117 968 Lucus,
1140 892 1195 952 aut
1216 889 1288 971 quis
1311 894 1358 954 est
1378 889 1525 954 Marcus?

214 992 259 1057 Et
278 993 350 1057 ideo
366 994 404 1054 de
426 990 502 1073 ipsis
517 989 697 1054 nominibus
718 987 887 1052 manifesto
909 985 1027 1051 iudicio
1042 985 1122 1051 falsa
1145 1009 1211 1054 esse
1234 992 1338 1053 vestra
1361 988 1526 1073 euangelia

178 1097 196 1151 5
217 1091 453 1157 convineuntur.

297 1197 383 1256 haar.
398 1196 437 1255 at:
460 1188 494 1254 Si
517 1189 689 1272 discipulos
711 1188 822 1253 habuit
836 1187 988 1262 Christus,
1010 1191 1130 1252 eertum
1151 1193 1199 1252 est
1221 1191 1308 1272 quod
1328 1187 1405 1271 ipsis
1424 1189 1526 1272 magis

215 1291 433 1357 conscribendi
455 1288 620 1373 euangelia
635 1293 709 1354 dare
731 1289 874 1352 debuerit
890 1289 1088 1370 potestatem,
1111 1309 1206 1371 quam
1228 1287 1355 1372 his'qui
1378 1286 1527 1370 discipuli

215 1413 279 1456 non
301 1395 396 1456 erant.
431 1388 504 1454 Hoe
524 1389 602 1453 mihi
618 1387 713 1472 (non)
729 1410 840 1452 sanum
859 1386 991 1451 videtur.
1029 1384 1241 1469 Opportuerat
1255 1387 1339 1453 enim
1355 1386 1527 1470 discipulos

216 1489 283 1554 eius
303 1489 405 1574 magis
428 1489 646 1554 auctoritatem
667 1487 794 1572 legendi
815 1487 949 1570 posteris
972 1489 1052 1550 dare.

161 1592 196 1646 10
299 1593 353 1654 Ad.
375 1594 414 1653 d:
444 1587 487 1652 Et
507 1587 561 1654 isti
583 1587 731 1671 discipuli
752 1591 826 1651 sunt
847 1585 973 1653 Christi.

296 1696 369 1770 May.
391 1694 430 1754 ct:
464 1683 528 1753 Fau
552 1687 617 1773 legi
644 1685 846 1771 euangelium
872 1690 903 1750 et
928 1685 1069 1752 inuenies
1100 1687 1174 1771 quia
1203 1687 1331 1752 uomina
1357 1686 1418 1752 ista
1445 1687 1527 1751 inter

215 1788 386 1871 discipulos
410 1787 526 1854 Christi
548 1787 665 1871 seripta
686 1809 750 1852 non
772 1791 852 1852 sunt.

295 1894 380 1952 liuta.
403 1894 442 1954 d.:
471 1887 609 1972 Legatur
631 1885 839 1970 euangelium.

296 1993 350 2052 Aa.
365 1994 404 2053 d:
432 1988 609 2054 Duodecim
625 1985 853 2069 discipulorum
872 1990 1091 2053 tantummodo
1107 1988 1189 2055 leeta
1210 1994 1284 2054 sunt
1305 1989 1440 2067 nomine,
1463 2011 1526 2054 non

161 2099 195 2152 15
215 2087 299 2152 enim
320 2088 521 2172 septuaginta
543 2087 718 2171 <duorum>.

295 2192 382 2252 lhatr.
404 2194 444 2252 d:
474 2187 614 2264 Quantos
636 2188 748 2251 habuit
769 2185 912 2252 Christus
935 2187 1128 2270 discipulos?

296 2293 350 2350 Ad.
372 2293 413 2353 d:
445 2285 587 2351 Primum
613 2287 780 2352 duodecim
806 2291 838 2351 et
863 2290 973 2370 postea
999 2288 1200 2371 septuaginta
1222 2291 1312 2366 dues,
1339 2309 1418 2371 quos
1440 2286 1527 2351 misit

214 2385 437 2470 euangelizare.
481 2387 606 2452 Marcus
634 2385 787 2452 et-Luaas
815 2409 852 2451 ex
881 2385 946 2451 illis
977 2391 1050 2450 sunt
1077 2386 1278 2469 septuaginta
1305 2389 1441 2464 duobus,
1472 2386 1528 2470 qui

214 2507 286 2548 eum
308 2485 452 2569 apostolo
473 2485 574 2552 Paulo
598 2486 798 2570 euangelium
820 2485 1049 2569 praedicarunt.

160 2595 195 2650 20
296 2591 370 2666 Mep.
392 2591 431 2650 at:
459 2584 660 2669 Impossibile
682 2589 737 2651 est
779 2583 883 2650 Nemo
909 2585 1023 2668 probet
1045 2589 1131 2669 quod
1152 2587 1205 2651 isti
1227 2587 1364 2651 viderint
1382 2585 1526 2650 Paulum.

296 2691 350 2750 Ad.
366 2691 405 2750 d:
436 2683 575 2750 Ostende
590 2687 695 2769 ipsum
709 2684 846 2749 Paulum
861 2684 969 2749 Mareu
992 2687 1023 2748 et
1038 2683 1140 2750 Lucae
1161 2686 1376 2751 testimonium
1392 2688 1527 2748 dantem.

296 2790 369 2866 Meq.
392 2789 432 2850 d.:
460 2783 529 2850 Tuo
551 2775 636 2850 falso⁴
655 2784 756 2850 eediei
778 2807 839 2850 non
864 2787 964 2848 eredo.

297 2890 351 2948 Ad.
374 2890 413 2950 d:
443 2883 554 2950 Profer
568 2890 659 2949 tuum
680 2885 816 2967 apostoli
832 2885 985 2962 eodieem3
1007 2884 1082 2949 lieet
1097 2886 1139 2950 sit
1152 2886 1292 2969 undique
1308 2885 1528 2962 circumtusus,

213 2984 286 3048 inde
301 2988 407 3048 tamen
430 2988 561 3050 ostendo
578 2986 653 3069 quia
674 2984 800 3049 Marsus
824 2989 856 3048 et
869 2983 974 3047 Lueas
989 2985 1068 3050 soeii
1090 2989 1122 3049 et
1143 2985 1301 3050 adiutores
1324 2988 1413 3049 erant
1427 2983 1529 3048 Pauli

161 3091 195 3144 25
296 3089 370 3165 Mep.
392 3090 432 3148 d:
463 3083 608 3149 Ostende.

297 3189 352 3248 Ad.
374 3189 413 3248 at:
446 3182 531 3268 Lego
562 3184 595 3248 in
625 3183 745 3249 ultimis
772 3184 915 3267 partibus
946 3184 1097 3268 epistolae
1124 3184 1217 3250 Pauli
1244 3189 1284 3249 ed
1312 3184 1527 3250 Colossenses:

215 3286 332 3346 Salutat
351 3307 419 3362 aas,
441 3283 557 3367 inquit,
581 3289 785 3360 Aristarchus,
807 3289 1000 3365 eeaaaptiuas
1021 3309 1114 3362 meae,
1135 3296 1161 3350 et
1182 3293 1310 3362 Marcus,
1332 3288 1529 3349 aoaeahriaus

214 3387 375 3460 Barnabae,
397 3389 431 3447 de
452 3407 511 3465 qao
529 3389 680 3465 aeaepiste'e
700 3389 850 3456 mandata,
872 3395 913 3462 ut,
935 3389 964 3448 sa'
984 3390 1098 3448 aaaaeatt
1119 3391 1158 3448 ad
1178 3408 1243 3464 aas,
1264 3389 1437 3466 eemaipa'atis
1451 3406 1528 3462 eam,

214 3487 353 3560 alaeue,
374 3487 428 3563 qui
449 3487 557 3546 dieitur
570 3488 684 3561 Iustus,
705 3489 759 3565 qai
779 3493 850 3547 aaut
871 3507 906 3547 au
925 3488 1158 3549 eireamaieioaa.
1198 3489 1254 3547 Ieta'
1275 3489 1357 3548 euim
1377 3487 1436 3548 solt
1457 3493 1529 3547 suat

163 3585 365 3646 mediatores
385 3587 446 3646 atei
466 3587 500 3645 ia
520 3606 610 3662 rapae
632 3588 679 3646 dei
700 3589 754 3665 qai
773 3588 852 3647 mihi
872 3588 976 3648 solatio
997 3589 1128 3662 faueant
1166 3582 1210 3648 Et
1234 3582 1365 3666 relique.
1407 3583 1450 3647 Et
1471 3584 1528 3646 ite-

216 3702 298 3744 rum:
329 3685 447 3747 Salutat
467 3705 525 3746 aas
539 3687 640 3747 Lucae
661 3693 687 3747 at
701 3688 821 3747 Deauus.
856 3681 906 3745 Ex
927 3682 976 3746 his
991 3682 1089 3766 igitur
1110 3683 1235 3766 seriptis
1256 3683 1460 3747 manifestum
1482 3687 1530 3747 est

217 3779 291 3862 quia
312 3779 379 3862 ipse
402 3781 565 3864 apostolus
587 3781 706 3847 Paulus
729 3783 773 3846 eis
795 3781 1012 3846 testimonium
1033 3785 1170 3866 praebet.

298 3883 384 3944 aaa.
406 3885 446 3946 ct:
475 3878 616 3946 Euidens
640 3885 686 3944 est
709 3883 746 3945 de
768 3881 817 3945 his
839 3882 993 3965 probatio.

299 3999 324 4044 u.
339 3978 402 4048 vl.
437 3986 511 4062 aaa.
526 3987 566 4046 d:
595 3981 665 4066 Ego
684 3983 815 4047 ostendo
839 3981 914 4065 quie
935 3980 1016 4046 falsa
1036 3985 1110 4045 sunt
1130 3980 1302 4064 euangelia
1337 3981 1425 4046 Dieit
1446 3981 1529 4046 enim

165 4089 198 4144 35
216 4077 379 4159 apostolus
402 4079 476 4161 quia
497 4102 596 4144 unum
619 4085 666 4144 est
684 4080 895 4165 euangelium,
918 4103 976 4146 uos
999 4085 1104 4144 autem
1126 4083 1262 4163 quatuor
1283 4080 1396 4146 dieitis.

298 4182 353 4240 Ad.
375 4181 414 4242 d:
447 4177 672 4264 Euangelistae
702 4185 839 4265 quatuor
867 4185 954 4260 sunt,
984 4179 1184 4264 euangelium
1215 4184 1320 4244 autem
1349 4203 1448 4244 unum
1474 4185 1529 4246 est.

302 4357 321 4413 Β
341 4357 423 4424 »Qui«
447 4358 518 4414 fehlt
540 4361 580 4415 im
597 4361 663 4416 cou
683 4361 687 4427 Ι
707 4362 726 4417 8
744 4379 800 4416 non
818 4360 890 4416 fehlt
907 4360 944 4415 im
964 4359 1029 4415 Cod.
1048 4391 1081 4400 -
1099 4362 1121 4415 Β
1137 4363 1142 4429 Ι
1159 4361 1196 4416 15
1221 4361 1373 4416 »Duorum«
1398 4361 1469 4416 fehlt
1491 4363 1530 4416 im

218 4440 283 4496 Cod.
303 4443 307 4510 Ι
330 4444 368 4499 le
391 4442 456 4499 cau
475 4445 621 4514 euangelia
636 4447 640 4513 Ι
655 4445 694 4502 21
723 4444 786 4502 cod.
811 4445 895 4500 dante
919 4447 922 4512 Ι
947 4445 984 4500 27
1010 4444 1076 4500 Cod.
1099 4444 1277 4500 consobrinus
1299 4462 1383 4499 meus.
1421 4447 1527 4502 »Meus«

218 4525 255 4579 ist
273 4526 339 4582 aber
357 4527 398 4581 als
415 4528 484 4599 irrig
500 4531 702 4584 unterstriehen
722 4531 726 4597 Ι
747 4529 786 4586 29
805 4531 860 4585 Der
878 4530 944 4585 eod.
964 4530 1096 4594 »lesum«,
1115 4529 1202 4584 dureh
1218 4527 1336 4583 Einfluse
1354 4530 1402 4585 des
1421 4532 1530 4586 vorher·

220 4611 363 4680 gehenden
383 4629 484 4667 »eum«.
515 4613 570 4669 Der
582 4615 683 4684 grieeh.
696 4615 767 4668 Text
783 4614 841 4668 und
858 4613 903 4668 die
920 4617 1036 4669 neutest.
1055 4614 1093 4670 St.
1110 4609 1228 4682 Ἰησοῦς,
1251 4613 1359 4668 »lesus«
1377 4615 1381 4682 Ι
1397 4614 1434 4671 82
1453 4615 1531 4670 Naeh

221 4694 442 4751 »testimonium
461 4696 554 4752 istim
573 4698 638 4754 Cod.
659 4698 727 4752 »eis«
747 4697 917 4754 wiederholt.
