3744 5524
372 459 411 524 58
925 451 1116 510 Adamantius.
1335 451 1376 506 De
1393 451 1422 505 la
1438 452 1496 508 Rue
1513 453 1525 506 1
1542 452 1678 508 821α-τ1.

455 625 521 690 ΑΔ.
568 617 612 690 Τὰ
631 616 794 708 χρήματα,
816 615 859 688 τὰ
882 612 1017 706 ἀργυρᾶ
1059 621 1166 686 πείσει
1187 620 1225 686 δέ
1244 637 1281 686 σε
1302 622 1358 685 καὶ
1380 610 1400 687 δ
1422 617 1553 702 ἔξωθεν
1574 613 1677 703 λόγος

372 714 440 792 ὅτι
470 720 639 801 ἕκαστος
660 710 690 809 ᾦ
712 714 900 809 ἥττηται,
922 713 1056 805 τούτῳ
1078 720 1143 786 καὶ
1165 713 1426 787 δεδούλωται.
1469 713 1677 804 προστάττει

333 827 490 892 υτοίνυν
520 828 576 890 καὶ
606 813 625 890 ὁ
651 817 799 908 Χριστὸς
825 814 870 907 μὴ
898 811 1098 903 ἀντέχεσθαι
1125 810 1324 903 χρημάτων,
1354 812 1439 904 μήτε
1468 821 1593 888 δοῦλον
1623 821 1675 904 τῷ

370 924 512 1011 μαμωνᾷ
537 925 708 1008 γενέσθαι,
739 914 827 990 ἀλλὰ
855 923 927 1006 θεῷ
959 910 1054 1004 μόνῳ
1082 919 1310 1003 προσανέχειν.
1354 920 1429 996 πᾶς
1455 912 1532 1004 γάρ,
1563 922 1675 1003 φησίν,
1719 1001 1723 1008 Ι

337 1015 390 1092 50‘
412 1025 546 1091 ποιῶν
567 1017 642 1108 τὴν
663 1014 860 1108 ἁμαρτίαν
882 1008 1027 1097 δοῦλός
1049 1018 1135 1086 ίστι
1156 1019 1226 1102 τῆς
1248 1008 1451 1103 ἁμαρτίας.

452 1125 517 1188 ΕΓ
517 1124 574 1188 ΤΡ.
617 1123 659 1188 Εί
692 1117 755 1190 τὸν
780 1122 946 1207 μαμωνᾶν
973 1112 1130 1198 βούλεται
1157 1111 1259 1200 φύσιν
1285 1116 1375 1185 ίδίαν
1402 1115 1488 1185 είναι
1510 1119 1565 1184 καὶ
1587 1116 1676 1185 ίδίαν

371 1215 485 1309 ἀρχήν,
508 1223 667 1289 τουτέστι
689 1215 732 1288 τὰ
750 1213 913 1307 χρήματα,
936 1210 1050 1287 οῦκέτι
1073 1211 1132 1284 δύο
1155 1207 1177 1300 ἢ
1199 1231 1288 1301 τρεῖς
1309 1214 1444 1284 ἔσονται
1460 1211 1565 1302 ἀρχαί,
1588 1210 1676 1285 ἀλλὰ

370 1330 525 1390 πλεῖσται
548 1310 631 1388 ὅσαι
667 1319 760 1388 έοται
781 1314 844 1406 γὰρ
865 1321 919 1385 καί
941 1309 1039 1404 ἥλιος
1061 1317 1150 1384 ίδίαν
1173 1314 1261 1400 ἔχων
1283 1310 1386 1399 φύσιν
1404 1320 1461 1384 καὶ
1484 1309 1599 1401 ἀρχήν,
1619 1317 1675 1382 καί

370 1415 493 1507 σελήνη
520 1410 660 1504 δμοίως,
690 1422 746 1487 καὶ
774 1413 881 1505 ἄστρα
906 1419 963 1485 καὶ
986 1409 1051 1502 ἀὴρ
1073 1418 1129 1481 καὶ
1151 1405 1252 1500 ῦδωρ.
1294 1421 1370 1496 πῶς
1397 1420 1514 1485 τοίνυν
1539 1410 1606 1501 φὴς
1631 1411 1675 1482 τὰ

322 1528 354 1582 10
369 1513 525 1607 χρήματα
546 1521 635 1586 ἰδίαν
657 1511 762 1602 ἀρχὴν
782 1521 838 1585 καὶ
858 1516 948 1583 ίδίαν
972 1509 1074 1598 φύσιν
1093 1512 1193 1596 είναι;

337 1637 352 1674 ⁰
454 1623 558 1686 MER
603 1609 671 1684 Ούκ
692 1614 758 1701 έγώ
781 1613 890 1684 είπσν·
913 1606 932 1683 δ
956 1608 1103 1698 Χριστὸς
1124 1612 1220 1682 εἶπεν
1241 1603 1308 1683 δτι·
1336 1609 1382 1684 οῦ
1403 1611 1571 1685 δύναται
1591 1618 1675 1682 δέν-

372 1723 468 1806 δρον
499 1711 653 1802 σαπρὸν
681 1711 859 1800 καρπούς
892 1709 1042 1793 καλούς
1076 1729 1353 1800 προενεγκεῖν,
1387 1710 1479 1784 οῦδὲ
1509 1717 1674 1800 δένδρον

371 1812 497 1887 καλὸν
518 1810 695 1900 καρπούς
717 1811 890 1900 σαπρδύς
910 1817 1162 1898 προενέγκαι.

454 1918 521 1982 ΑΔ.
561 1917 667 1983 Τοῦτο
690 1910 731 1982 τὸ
752 1908 941 1998 κεφάλαιον
964 1904 1005 1980 ού
1019 1906 1154 1996 φύσεων
1169 1909 1267 1982 ἕνεκα
1281 1916 1423 2000 λέγεται,
1446 1905 1519 1984 ἀλλ’
1539 1908 1673 2000 ἇνθραί-

321 2027 354 2079 15
371 2036 462 2085 πων·
484 2017 539 2082 καί
562 2013 589 2082 εί
603 2016 678 2098 περὶ
697 2008 835 2097 φύσεων
848 2013 968 2099 ἔλεγεν,
991 2004 1054 2080 οῦκ
1068 2004 1111 2078 δν
1125 2007 1275 2096 καρπούς
1291 2007 1480 2101 ω’νύμασεν·
1502 2007 1673 2082 ἀδύνατον

372 2108 433 2202 γάρ
462 2133 542 2200 φησι
567 2117 827 2200 μεταβληθῆναι.
871 2115 922 2182 ἔτι
952 2114 1101 2194 δείκνυμι
1132 2110 1169 2177 ἐκ
1198 2114 1262 2180 τοῦ
1291 2107 1482 2199 εὐαγγελίου
1513 2104 1568 2182 ὅτι
1596 2118 1673 2199 περὶ

372 2207 572 2299 ἀνθρώπων
593 2206 818 2296 αύτεξουσίων
839 2215 937 2298 λέγει,
959 2219 1015 2282 καὶ
1037 2208 1079 2282 ού
1099 2219 1177 2302 περὶ
1199 2209 1322 2303 ἀρχῶν.
1357 2218 1445 2299 λέγει
1465 2209 1527 2299 γὰρ
1550 2203 1673 2292 οῦτως·

366 2305 574 2399 Ἐρχονται
594 2305 694 2398 πρὸς
715 2305 812 2398 ῦμᾶς
832 2311 874 2382 έν
895 2309 1082 2400 ἐνδύμασι
1102 2309 1333 2399 προβάτων,
1364 2313 1518 2382 ἔσωθεν
1539 2315 1581 2381 δέ
1601 2311 1674 2381 είσι

371 2409 485 2482 λύκοι
500 2403 683 2497 ἅρπαγες·
706 2405 782 2479 ἀπὸ
799 2416 882 2481 τῶν
896 2417 1062 2498 καρπῶν
1077 2407 1210 2483 αύτοῦν
1230 2412 1505 2500 ἐπιγνώσεσθε
1519 2405 1672 2492 αύτούς.

320 2531 354 2586 20
371 2517 427 2580 καὶ
441 2505 545 2580 πάλιν
558 2514 657 2597 λέγει·
678 2503 711 2577 ‘0
727 2505 879 2597 ἀγαθὸς
901 2509 1122 2597 ἄνθρωπος
1143 2515 1185 2582 έκ
1207 2517 1279 2584 τοῦ
1300 2507 1455 2598 ἇγαθοῦ
1468 2514 1673 2597 θησαυροῦ

334 2615 566 2698 σπροφέρει
588 2604 732 2698 ἀγαθά,
761 2616 827 2679 καὶ
849 2603 867 2679 ὁ
889 2609 1069 2698 πονηρὸς
1092 2608 1313 2698 ἄνθρωπος
1334 2615 1376 2681 έκ
1397 2613 1469 2680 τοῦ
1493 2614 1675 2695 πονηροῦ

371 2713 578 2798 θησαυροῦ
598 2713 795 2796 προφέρει
815 2706 982 2798 πονηρά.
1019 2713 1060 2780 έκ
1075 2707 1477 2800 τοῦπερισσεύματος
1495 2713 1564 2798 τῆς
1585 2735 1675 2796 καρ-

372 2814 457 2892 δίας
478 2807 524 2880 τὸ
547 2804 672 2896 στδμα
694 2817 819 2878 λαλεΡ
848 2811 890 2877 έκ
911 2807 983 2898 γὰρ
1011 2815 1081 2898 τῆς
1102 2815 1265 2899 καρδίας
1288 2814 1521 2898 ἐξέρχονται
1543 2814 1676 2880 διαλο-

371 2915 504 2998 γισμοὶ
529 2913 709 2995 πονηροί
752 2902 834 2998 δρᾷς
860 2899 915 2978 δτι
941 2913 979 2979 έιι
1003 2915 1080 2996 μιᾶς
1107 2907 1241 2997 φύσεως
1267 2905 1468 2999 ἀνθρώπων
1492 2916 1549 2979 καὶ
1569 2906 1676 2980 καλὸν

319 3021 353 3076 25
370 3015 426 3080 καὶ
447 3006 554 3080 κακὸν
576 3001 594 3078 δ
617 3004 731 3094 σωτὴρ
754 3012 841 3094 λέγει
861 3013 1101 3098 προφέρεσθαι

456 3115 559 3177 ΜΕΙἹ
604 3103 651 3176 Οῦ
671 3111 747 3193 περὶ
770 3102 972 3196 ἀνθρώπων
995 3113 1101 3180 τοῦτο
1125 3114 1220 3196 λέγει.

457 3279 486 3348 ε]
505 3277 569 3349 vgl.
587 3279 603 3332 ε
620 3275 691 3331 Petr.
704 3277 732 3331 2:
746 3278 785 3332 19.
803 3307 836 3316 -
854 3277 913 3346 σε]
930 3276 993 3334 Joh.
1011 3278 1097 3334 8:34.
1116 3311 1150 3320 -
1169 3280 1292 3350 11-18]
1310 3281 1361 3335 ιιι
1378 3281 1406 3334 7:
1419 3279 1464 3344 18,
1486 3279 1531 3334 σε
1544 3279 1572 3333 οι
1585 3279 1626 3333 ιε.
1643 3309 1677 3317 -
1740 3351 1745 3364 ⁸

373 3363 472 3434 ιειιο]
490 3363 540 3418 ιιι.
554 3363 580 3416 7:
594 3365 634 3418 ιε.
652 3392 685 3401 -
704 3361 826 3431 εο-ει]
844 3362 889 3418 σε.
902 3365 931 3418 6:
943 3365 984 3431 ιε,
1003 3363 1052 3418 Mt„
1066 3367 1110 3420 15:
1124 3367 1164 3422 19.

457 3515 496 3571 12
518 3520 720 3588 προσενεγκεῖν
740 3513 812 3566 A¹B¹
833 3515 918 3582 (A’B²
934 3517 1042 3586 προεν.)
1068 3516 1136 3570 om
1160 3519 1163 3585 1
1189 3518 1227 3573 18
1250 3511 1440 3589 προσενέγκαι
1463 3515 1488 3569 d.
1509 3513 1580 3570 flss.
1616 3513 1676 3569 Rus.

373 3601 512 3668 »afferre«.
540 3597 614 3652 Aber
626 3615 655 3654 so
667 3599 806 3653 fibersesszt
817 3614 846 3652 er
858 3599 929 3654 auch
941 3599 990 3654 das
1001 3600 1116 3671 simplex
1130 3598 1226 3671 φέρειν
1238 3601 1310 3655 821ε
1325 3599 1330 3668 Ι
1345 3600 1382 3656 14
1400 3596 1435 3654 ού
1446 3598 1557 3669 φύσεως
1568 3600 1594 3655 d.
1605 3599 1676 3654 HSS.

371 3685 408 3740 Εε
425 3684 462 3738 ist
479 3685 545 3738 aber
562 3700 617 3738 von
634 3682 702 3737 επεὶ
719 3682 841 3737 Νείοεοα
859 3683 904 3738 (h'e
921 3683 1003 3750 Reda,
1022 3703 1043 3738 ε.
1060 3687 1141 3752 821ε,
1161 3686 1223 3739 Rus.
1243 3688 1391 3738 ›naturas‹
1408 3685 1412 3751 Ι
1429 3685 1465 3740 15
1481 3685 1548 3758 περί
1565 3681 1676 3754 φύσεων

370 3767 466 3825 ΔΟῈῊ
484 3768 526 3836 (In
537 3767 559 3821 F
571 3767 645 3822 steht
656 3767 700 3822 ein
712 3767 806 3822 Punkt
816 3769 903 3834 unter,
921 3769 978 3823 und
990 3769 1035 3822 ein
1047 3789 1061 3835 ς
1072 3770 1140 3824 fiber
1152 3770 1178 3825 δ
1190 3769 1302 3824 Buehst.
1314 3769 1348 3836 ν).
1376 3768 1451 3824 Rufi:
1470 3769 1516 3822 »de
1526 3768 1652 3824 nam«
1672 3769 1677 3836 Ι

372 3854 461 3920 16116
479 3849 617 3908 ἀδύνατον
630 3883 663 3890 -
675 3853 897 3924 μεταβληθῆναι]
915 3852 966 3908 Die
977 3853 1048 3909 Hss,
1060 3853 1153 3908 haben
1164 3854 1220 3909 α11ε
1232 3869 1299 3924 φησι
1311 3853 1346 3922 (D
1359 3855 1466 3923 φησιν);
1483 3853 1559 3908 Rufa
1576 3854 1677 3922 ίιιιμοε-

370 3937 450 3992 sibile
466 3942 505 3991 οεί
521 3941 653 3990 naturam
670 3937 784 3992 mutari.
819 3938 910 3994 Schon
928 3937 1039 3992 Wetteh
1057 3940 1220 3992 vermutete:
1242 3936 1333 4008 φύσιν,
1352 3937 1418 3992 aber
1435 3938 1506 3993 auch
1522 3939 1574 3993 miss
1591 3939 1678 3994 dieser

371 4022 526 4092 Konjektur
543 4021 580 4076 ἰοί
597 4019 645 4074 der
662 4009 816 4076 Ubelstand
832 4021 910 4076 niehfi
927 4021 1066 4092 beseitigt.
1101 4021 1169 4076 Βεεε
1186 4021 1235 4076 der
1253 4021 1327 4076 Verf.
1346 4021 1391 4076 die
1408 4022 1507 4078 These:
1527 4019 1604 4080 ἀδύν.
1619 4019 1677 4079 κτέ.

371 4107 434 4162 dem
448 4105 545 4162 Adam.
556 4105 586 4160 in
599 4105 652 4161 den
664 4105 751 4160 Mund
762 4105 856 4175 gelegt
867 4106 948 4172 habe,
967 4107 1042 4160 kann
1054 4105 1099 4160 ich
1111 4106 1189 4160 nichfi
1201 4107 1364 4161 annohmen.
1389 4105 1496 4161 Gerado
1508 4108 1557 4161 das
1571 4109 1676 4178 Gegan-

371 4190 420 4245 teil
432 4191 583 4260 behaupteb
594 4189 681 4244 dieser
692 4189 779 4247 821d:
799 4186 869 4265 δρᾷς
882 4185 925 4244 ὅτι
939 4184 970 4245 ὲκ
987 4196 1054 4259 μιᾶς
1066 4187 1177 4260 φύσεως
1190 4186 1354 4262 ἀνθρώπων
1365 4191 1415 4245 καί
1426 4188 1516 4246 καλὸν
1527 4193 1576 4247 καὶ
1586 4190 1677 4247 κακὸν

372 4273 388 4330 ὁ
407 4278 499 4347 σωτὴρ
517 4273 592 4345 λέγει
611 4273 819 4348 προφέρεσθαι,
836 4273 894 4329 und
912 4273 1015 4330 seinem
1033 4275 1142 4343 Gegnor
1159 4274 1233 4328 αἰτία
1250 4291 1280 4328 er
1297 4292 1357 4330 vor:
1380 4271 1591 4348 ἀμεταβλητσυς
1608 4269 1676 4345 ἔφης

371 4357 422 4426 τὰς
434 4359 531 4429 φύσεις
543 4353 624 4415 εἶναι.
653 4360 768 4415 Ιιααίοίε
780 4359 829 4413 der
840 4375 926 4429 ωερε.
937 4359 1009 4413 Text
1019 4359 1094 4413 dann
1105 4358 1247 4414 vielloicht
1258 4355 1299 4414 ἀδ.
1312 4356 1369 4431 γὰρ
1381 4361 1435 4428 φης
1447 4358 1531 4430 φύσιν
1542 4360 1677 4433 μεταβλθ

372 4445 445 4500 Aber
463 4445 533 4499 auch
551 4461 581 4498 so
598 4444 669 4498 fehlt
686 4444 734 4499 dor
752 4443 989 4514 zusammenhang
1011 4442 1146 4497 zwischen
1169 4451 1252 4499 τοῦτο
1275 4441 1308 4498 τὸ
1327 4462 1390 4514 κεφ.
1402 4473 1435 4483 -
1447 4440 1599 4512 ὠνόμασεν
1620 4443 1677 4499 und

372 4525 414 4585 ἀδ.
433 4526 489 4600 γὰρ
506 4523 563 4584 κτέ.
593 4529 670 4582 Dazu
686 4528 795 4584 kommt
812 4527 874 4580 dass
891 4527 964 4597 Meg.
981 4527 1053 4581 noch
1070 4527 1150 4582 nicht
1168 4530 1266 4598 gesagt
1282 4530 1339 4596 hafi,
1358 4529 1403 4584 die
1420 4529 1507 4583 Nabar
1525 4529 1564 4583 sei
1580 4545 1676 4583 unver-

372 4612 523 4668 iinderlich.
553 4612 703 4667 vielleicht
719 4613 794 4667 kann
807 4611 907 4667 cod.B
925 4629 976 4666 uns
995 4612 1047 4667 den
1059 4613 1132 4682 Weg
1148 4612 1250 4682 ποίησα.
1281 4611 1376 4670 Dieser
1386 4615 1447 4668 hab:
1466 4616 1677 4686 μεταβληθῆναι
