3744 5524
228 461 395 552 Casperi'IV
413 497 435 535 e.
453 482 478 536 6.
823 478 930 550 Dialog.
1472 489 1529 548 151

228 650 363 715 ditorem
383 651 477 713 deum
497 648 591 714 dices.
627 646 689 712 Sed
710 650 786 712 dum
807 648 868 713 hoc
889 669 1032 714 sermone
1052 647 1121 714 solo
1148 647 1276 732 refugis,
1301 649 1394 714 rebus
1415 648 1449 712 in
1469 649 1531 712 hoc

227 749 368 822 incurris,
397 749 494 813 immo
524 748 557 812 in
586 749 675 831 peius
706 747 834 831 aliquid.
869 745 963 823 Nem,
993 747 1114 812 ratione
1140 748 1229 813 uerbi
1259 748 1407 828 discusse,
1437 751 1531 813 deum

228 853 422 933 receptorem
443 846 585 931 assignas
602 845 767 912 melorum.
802 846 883 924 Quia
901 866 975 930 ergo
989 846 1153 912 materiam
1167 849 1334 930 suspiceris
1348 847 1531 931 ingenitam,

126 955 130 964 '
227 951 259 1014 in
281 971 345 1033 que
366 947 462 1014 etiem
475 967 602 1011 causam
616 945 772 1012 mulorum
793 951 894 1031 putes,
916 947 1102 1012 discutiatur
1120 948 1200 1013 ratio
1220 968 1328 1012 eorum
1350 968 1429 1030 quae
1445 947 1531 1012 dicis.

193 1049 270 1114 5Et
294 1049 368 1114 uide
398 1046 472 1130 quin
501 1068 564 1111 uon
594 1067 632 1110 ex
657 1046 719 1110 hoc
748 1046 925 1112 ostenditur
955 1050 1031 1112 deus
1060 1046 1216 1112 mulorum
1243 1069 1337 1112 cause
1366 1069 1429 1113 non
1456 1069 1531 1125 esse,

228 1150 313 1232 quod
344 1147 475 1212 materis
508 1145 662 1210 subicitur
697 1168 778 1229 quae
807 1144 883 1211 meli
912 1168 1005 1229 posse
1036 1167 1161 1211 causam
1192 1145 1348 1230 suscipere
1377 1146 1530 1211 uideatur.

227 1248 284 1312 Ais
310 1246 426 1313 etenim
450 1245 615 1310 materiem
636 1250 834 1311 coaeternum
856 1267 923 1310 esse
949 1249 1020 1327 deo,
1047 1268 1085 1310 er
1107 1268 1169 1330 quc
1195 1248 1271 1311 deus
1297 1246 1467 1312 fabricatus
1489 1246 1538 1311 sit.

226 1349 411 1412 mundum'

309 1451 396 1510 Dros.
418 1450 457 1511 d:
480 1443 529 1510 Ite
550 1445 631 1510 dieo.

176 1553 209 1606 10
308 1551 364 1611 Ad.
385 1550 424 1611 d:
446 1552 499 1606 Sed
517 1553 585 1607 heec
602 1551 680 1616 ratio,
703 1554 735 1606 ut
754 1568 835 1622 supra
852 1552 1006 1619 docuimus,
1023 1551 1069 1607 uel
1086 1550 1115 1606 in
1131 1554 1210 1623 perte
1227 1569 1285 1608 esse
1303 1550 1424 1609 ostendit
1441 1550 1530 1617 deum,

225 1644 272 1699 uel
289 1643 417 1698 concludi
435 1647 464 1700 et
480 1643 665 1700 circumscribi
683 1662 701 1699 s
717 1644 840 1711 materie,
860 1646 905 1700 uel
924 1662 985 1700 cnm
1004 1644 1064 1716 ipsa
1081 1645 1183 1716 puriter
1200 1644 1356 1700 inordinate
1367 1643 1529 1714 incomposi-

306 4481 326 4538 4
342 4483 408 4537 Men
426 4485 555 4538 erwertet
577 4499 649 4537 »esse
666 4484 762 4552 putes«
779 4485 782 4550 t
799 4482 824 4537 S.
842 4483 868 4539 d.
886 4485 966 4538 Anm.
985 4503 1007 4538 z.
1025 4483 1053 4538 d.
1070 4499 1110 4552 gr.
1128 4481 1158 4537 T.
1177 4483 1203 4536 Z.
1216 4483 1291 4538 3-5.
1310 4483 1378 4537 -Β
1397 4483 1401 4549 t
1425 4482 1442 4537 6
1460 4481 1527 4538 eod.

221 4571 304 4620 censi.
321 4583 411 4637 posse,
432 4568 484 4622 mit
503 4568 551 4621 »b«
570 4567 638 4621 iiber
658 4583 770 4620 »cause«
790 4567 847 4620 und
866 4585 912 4621 »n«
932 4567 1000 4622 dher
1019 4583 1128 4637 »posse«
1149 4568 1153 4635 Ι
1175 4568 1254 4623 lun.
1272 4567 1299 4621 S.
1317 4566 1343 4620 d.
1360 4570 1440 4620 Anm
1459 4584 1482 4620 z.
1501 4565 1526 4618 d.

221 4668 261 4720 gr.
279 4651 308 4706 T.
325 4653 394 4707 -B
409 4653 413 4721 Ι
430 4654 466 4709 11
487 4651 552 4707 God.
570 4650 717 4707 concludit.
