3744 5528
213 480 324 554 toperi
342 480 366 534 V
384 498 407 536 ο
426 482 449 534 1.
467 481 491 536 2.
806 479 915 552 Dialog.
970 481 972 486 ’
1111 457 1114 463 ¹
1456 491 1514 552 177

213 651 356 730 clamare,
385 651 577 734 putabantur
604 653 635 714 et
660 649 796 733 apostoli
822 649 965 716 assistere
988 650 1024 730 ei,
1055 653 1226 734 putabatur
1247 656 1278 717 et
1299 653 1427 736 sanguis
1449 652 1515 718 eins

212 751 330 818 effusus
352 753 384 815 et
403 772 469 815 non
490 755 538 815 est
559 747 688 830 allinus,
714 750 907 833 putabantur
929 755 960 815 et
980 750 1192 835 euangelistae
1213 753 1404 818 annunciare
1422 776 1516 818 euan-

212 850 331 937 gelium
356 853 412 915 sed
436 872 501 916 non
527 848 768 928 annuntiarunt,
794 848 918 933 etipse
943 851 1115 934 putabatur
1134 851 1258 918 uenisse
1279 855 1317 916 de
1339 851 1435 918 ooelis
1461 856 1517 919 sed

211 974 276 1018 non
296 950 393 1031 uenit,
419 953 451 1016 et
470 951 641 1034 putabatur
661 949 867 1015 resurrexisse
887 971 906 1013 a
927 950 1059 1016 mortuis
1081 954 1113 1016 et
1137 973 1202 1017 non
1223 952 1400 1033 resurrexit,
1425 957 1517 1037 puta·

178 1054 305 1117 ebatur
334 1055 365 1115 et
390 1049 475 1114 salus
505 1049 686 1116 hominibus
712 1051 787 1113 data
816 1053 848 1114 et
872 1071 936 1116 non
962 1054 1009 1116 est
1039 1052 1119 1114 data.
1155 1049 1320 1128 Quomodo
1343 1072 1417 1137 ergo
1440 1053 1517 1118 dioit

213 1151 356 1218 Christus
378 1149 452 1234 quia
472 1153 538 1230 Eoo
559 1173 631 1216 sam
651 1153 782 1214 mritis?

294 1257 381 1316 Matr.
402 1254 442 1315 ct:
468 1248 551 1326 Quid
572 1249 651 1314 dieis
673 1247 815 1314 Metine?
846 1245 918 1313 Ηοο
939 1249 985 1314 ais
1007 1248 1081 1332 quia
1102 1247 1244 1316 Christus
1268 1253 1362 1317 uerbo
1389 1252 1517 1336 quidem

212 1350 301 1436 dicit:
323 1355 387 1430 Eoo
410 1372 480 1414 saon
501 1353 620 1428 mettas,
642 1371 675 1413 re
697 1352 802 1414 autem
825 1353 856 1414 et
877 1370 970 1433 opere
991 1349 1071 1414 nihil
1091 1350 1234 1414 ueritatis
1255 1351 1341 1435 agit?

295 1471 319 1515 ο
342 1450 395 1518 ΙΙ.
428 1455 504 1515 Mar.
525 1453 565 1514 ct:
593 1447 665 1532 Ego
696 1451 734 1513 de
765 1448 927 1532 seripturis
962 1451 1093 1515 ostendo
1126 1449 1202 1532 quia
1231 1452 1270 1514 de
1301 1451 1397 1516 coelis
1429 1452 1518 1517 uenit

162 1557 196 1612 10
212 1549 330 1615 habens
352 1569 465 1632 eorpus
486 1548 629 1613 eoeleste.

295 1654 350 1714 Ad.
371 1653 411 1712 d.:
429 1646 489 1712 Est
511 1666 585 1732 ergo
608 1646 714 1731 eliqua
736 1647 837 1714 earnis
858 1646 1035 1714 substantia
1054 1647 1088 1712 in
1103 1648 1220 1714 coelis?
1242 1646 1374 1732 Oportet
1389 1651 1471 1716 enim
1486 1656 1517 1717 te

213 1752 244 1815 et
264 1750 326 1814 hoo
349 1750 388 1812 de
413 1745 577 1830 seripturis
603 1749 767 1812 ostendere
789 1747 816 1811 si
841 1746 947 1830 aliqua
968 1747 1144 1812 substantia
1171 1747 1272 1813 earnis
1293 1750 1327 1813 in
1353 1750 1449 1816 ooelis
1471 1754 1519 1816 est

212 1848 330 1914 habens
353 1869 424 1913 ossa
446 1850 478 1910 et
499 1848 691 1931 sangninem.

295 1952 370 2014 Mar.
391 1951 432 2012 u:
463 1943 602 2011 Ostende
624 1967 738 2030 eorpus
768 1945 831 2010 diei
851 1947 886 2011 in
916 1945 1020 2012 eoelis.
1055 1946 1105 2013 Ita
1130 1946 1214 2012 enim
1240 1947 1403 2030 apostolus
1429 1948 1518 2014 dicit:

162 2051 195 2106 15
216 2052 347 2130 Corpora
367 2051 499 2112 eoelestia
519 2057 547 2110 st
565 2068 689 2127 corpora
710 2050 864 2110 lavastris.

295 2151 352 2212 Ad.
365 2151 403 2212 ct:
427 2145 547 2229 Corpus
562 2146 704 2210 nominat
725 2144 860 2212 eoeleste
874 2145 1035 2228 apostolus
1058 2146 1180 2211 eoelum
1201 2145 1314 2229 ipsum,
1335 2145 1388 2211 uel
1409 2146 1518 2226 solem,

212 2245 386 2324 uellunam
402 2248 433 2310 et
447 2243 563 2310 stellas.
598 2242 647 2309 Ita
662 2244 746 2310 enim
761 2245 849 2310 dicit:
875 2251 1006 2326 Corpora
1025 2250 1157 2310 ooebsb'a
1178 2255 1204 2310 ot
1224 2268 1347 2328 corporo
1365 2253 1518 2312 anestia

214 2351 272 2412 Sed
292 2349 353 2410 atio
372 2349 469 2425 ylorrlr
489 2348 570 2423 solis,
591 2349 652 2408 alia
671 2349 766 2426 uorsa
787 2350 884 2424 lanae,
904 2349 966 2408 alia
983 2349 1082 2430 yloria
1101 2349 1264 2421 statianum
1284 2350 1365 2410 stella
1385 2351 1519 2412 abstolis

213 2449 308 2528 differt
332 2450 367 2508 io
390 2449 489 2526 qlorr'o.
521 2447 568 2508 Ita
593 2454 620 2508 et
643 2450 815 2510 resurreetio
835 2453 1033 2509 monuerunt
1069 2441 1206 2509 Ostende
1233 2462 1307 2527 ergo
1334 2445 1361 2510 si
1387 2466 1459 2512 earo
1487 2450 1518 2511 et

162 2556 197 2612 20
214 2544 342 2628 sanguis
364 2548 396 2609 et
419 2565 490 2608 ossa
510 2544 627 2609 babent
646 2543 680 2606 in
701 2542 789 2608 ooelo
811 2543 1027 2609 substantiam.

296 2649 374 2709 Mar.
395 2648 432 2709 ds
455 2642 574 2726 Corpus
597 2647 629 2708 et
650 2663 722 2708 earo
744 2643 828 2708 idem
851 2647 907 2708 est.

296 2749 382 2808 Eub.
403 2747 443 2808 ds
473 2741 638 2820 Quomodo
663 2742 825 2825 apostolus
851 2763 983 2827 corpora
1005 2741 1152 2809 eoelestia
1172 2741 1316 2808 nominat
1340 2744 1379 2808 da
1400 2743 1467 2809 sole
1489 2748 1521 2808 et

213 2843 308 2908 luns?

296 2945 351 3008 Ad.
365 2946 405 3008 ct:
427 2941 465 3007 In
485 2941 612 3008 homine
627 2941 754 3026 quidem
775 2941 827 3008 uel
848 2942 1027 3008 incaeteris
1049 2941 1237 3008 animalibus
1259 2964 1332 3008 earo
1354 2947 1385 3007 et
1406 2963 1519 3026 eorpus

162 3049 196 3104 25
212 3043 297 3106 idem
318 3045 374 3108 est
409 3039 484 3107 Non
497 3046 603 3107 tamen
624 3063 791 3125 possumus
807 3041 930 3109 eoelum
952 3062 1077 3107 earnem
1090 3042 1265 3122 nominare,
1287 3063 1401 3126 eorpus
1416 3047 1520 3107 autem

212 3142 419 3206 nominemus.
455 3139 591 3207 Ostende
618 3161 693 3226 ergo
723 3141 751 3206 si
777 3163 849 3208 caro
880 3146 911 3206 et
931 3141 1059 3225 sanguis
1085 3147 1117 3206 et
1138 3163 1209 3206 ossa
1230 3142 1347 3208 hsbent
1371 3140 1406 3206 in
1432 3140 1519 3206 coelo

213 3241 422 3308 substantiam
443 3263 541 3320 suam,
564 3245 595 3307 et
615 3245 691 3308 tune
713 3244 751 3307 de
773 3241 904 3308 caeteris
926 3240 1079 3307 edocebis.

294 3347 380 3407 Matr.
393 3347 433 3407 ct:
448 3341 656 3406 Adamantius
676 3341 754 3407 dicit
772 3341 847 3426 quia
860 3346 1017 3407 terrenam
1032 3362 1157 3406 carnem
1172 3339 1353 3406 assumserit
1368 3339 1519 3419 Christus,

212 3444 246 3508 id
268 3447 315 3508 est
335 3446 461 3508 nostrae
483 3441 685 3521 substantiae,
707 3442 847 3507 Marinus
877 3444 983 3505 autem
1004 3441 1081 3506 dieit
1107 3440 1283 3508 coelestem.
1317 3438 1361 3504 Et
1382 3439 1520 3524 quidem,

162 3553 197 3609 30
214 3543 289 3627 quia
309 3543 352 3608 sit
372 3540 549 3608 substantie
570 3542 672 3606 earnis
693 3541 726 3606 in
748 3542 839 3607 terris
860 3562 953 3605 nemo
969 3540 1100 3606 dubitat.
1130 3539 1283 3605 Similiter
1302 3560 1377 3626 ergo
1397 3541 1521 3606 ostendi

213 3644 307 3708 debet
332 3642 360 3707 si
381 3642 423 3706 sit
451 3639 546 3704 etiam
567 3639 599 3705 in
622 3641 732 3722 coelis,
757 3646 794 3707 ut
818 3642 864 3706 ite
890 3643 1016 3706 demum
1041 3641 1186 3706 uideatur
1210 3643 1294 3705 unde
1320 3640 1520 3724 potissimum

214 3741 367 3808 sumserit
403 3739 438 3805 Si
459 3740 543 3805 enim
569 3762 670 3824 neque
693 3741 825 3806 existere
852 3741 955 3806 carnis
980 3740 1157 3807 substantia
1182 3742 1331 3805 doceatur
1355 3740 1389 3804 in
1416 3739 1520 3818 coelis,

213 3841 405 3925 superfluum
432 3844 480 3904 est
505 3840 662 3923 requirere
688 3844 794 3904 utrum
819 3840 892 3905 inde
914 3839 1107 3918 assumserit,
1133 3838 1188 3904 ubi
1209 3862 1268 3904 neo
1293 3839 1428 3904 inueniri
1454 3839 1521 3904 eius

213 3941 388 4007 substantia
410 3943 541 4006 constet

299 4567 337 4624 12
355 4568 419 4640 hoe]
438 4568 503 4626 cod.
520 4570 590 4624 haee
610 4571 614 4638 Ι
636 4569 675 4624 22
693 4569 760 4622 Man
778 4570 907 4624 erwartet
925 4567 1063 4624 entweder
1082 4566 1165 4622 »dicit
1182 4567 1216 4622 de
1234 4567 1291 4623 sols
1309 4569 1338 4622 et
1353 4566 1435 4623 luna«
1455 4568 1523 4624 oder

214 4652 357 4708 »nominat
374 4653 460 4709 solem
478 4655 506 4707 st
523 4653 643 4708 lunam«.

269 4737 436 4783 Adamantius.
1277 4736 1310 4791 12
