3744 5524
220 428 331 500 Uespasi
347 429 361 482 1
378 444 401 482 e.
418 430 460 486 27.
815 427 924 497 Dialog.
1485 437 1525 496 55

219 595 275 680 qui
296 618 388 661 suum
409 596 535 678 melum,
556 597 658 681 pretio
673 600 810 679 eoeepto,
832 595 910 660 feeit
928 595 1066 661 alienum
1078 593 1236 676 malum*.)
1268 595 1329 661 Sed
1350 593 1524 679 illemegis

218 695 275 780 qui
295 718 390 761 sanus
412 701 459 762 est
479 697 652 782 scripturae
671 717 781 761 sensus
802 694 900 761 latere
921 717 978 760 nos
999 718 1064 762 non
1085 695 1191 760 debetr
1213 695 1288 779 quia
1308 695 1525 779 unusquisque

217 800 366 879 peooator
379 818 436 880 per
449 797 509 862 hoe
524 796 636 879 ipsum,
651 799 736 880 quod
750 799 868 878 penest,
882 795 1020 860 elienum
1035 817 1068 861 se
1082 796 1160 861 feeit
1176 818 1195 860 s
1210 798 1268 862 deo
1282 816 1339 878 per
1351 800 1524 878 peecatum,

219 898 257 974 et,
288 895 363 980 quis
383 896 581 962 alienationis
609 917 718 961 eorum
744 917 763 960 a
784 894 835 960 dei
860 893 1057 977 possessione
1082 894 1171 959 uelut
1198 893 1334 978 pretium
1366 896 1524 978 quoddam

184 995 357 1077 5positum
378 996 481 1061 fuerat
501 1000 675 1079 pennatum,
695 994 750 1059 ille
771 994 825 1078 qui
847 993 936 1058 uenit
950 994 1072 1059 auferre
1092 999 1256 1078 peeoetum
1270 1016 1327 1076 per
1339 993 1525 1078 sanguinem

218 1115 310 1158 suum
331 1095 555 1179 redemptionis
580 1116 688 1160 eorum
709 1095 845 1177 pretium
866 1093 947 1158 illud
969 1115 1036 1160 esse
1058 1093 1185 1174 dieitur,
1211 1097 1296 1177 quod
1318 1094 1446 1178 sanguis
1466 1114 1523 1176 pro

218 1192 401 1259 remissione
423 1195 594 1260 effunditur
614 1197 827 1278 peecatorum
850 1195 935 1276 quod
955 1191 1066 1276 utique
1080 1195 1192 1259 merito
1206 1192 1379 1275 redemptio
1402 1191 1524 1270 dieitur,

219 1291 294 1374 quis
307 1313 340 1356 se
353 1293 416 1376 ipsi
436 1295 524 1378 prius
544 1296 704 1378 pensando
726 1293 939 1371 uendiderunt,
961 1292 1044 1358 siout
1065 1295 1096 1357 et
1116 1294 1269 1376 propheta
1284 1292 1373 1357 dicit:
1395 1296 1524 1356 Percotes

216 1395 326 1454 uestris
345 1399 524 1459 ummndotd
544 1400 622 1474 estes,
644 1403 670 1458 et
689 1395 900 1474 iniquitulrtue
919 1397 1028 1456 uestris
1049 1396 1155 1461 dimisi
1166 1402 1289 1456 matrem
1311 1401 1452 1456 uastam.
1481 1389 1525 1454 Et

168 1495 201 1550 10
217 1490 332 1555 iterum
353 1491 432 1558 elius
453 1494 609 1578 prophete
631 1492 720 1558 dioit:
760 1497 862 1557 Gratis
876 1481 1059 1556 ‘mundate'
1079 1497 1149 1556 earu
1169 1502 1196 1556 et
1215 1496 1280 1556 siae
1298 1495 1428 1574 pmuoio
1447 1495 1523 1554 redi·

216 1595 349 1656 mussini.
386 1589 478 1667 Quod
499 1596 605 1658 autem
627 1592 718 1658 dixit:
738 1595 962 1673 Sinopensem,
982 1590 1102 1656 indioat
1122 1613 1178 1674 per
1199 1588 1523 1676 sanguinemOhristi.

218 1687 289 1754 Hoo
309 1693 415 1755 sutem
437 1691 514 1756 dioit
537 1694 690 1777 propheta
721 1693 796 1775 quin
820 1696 888 1772 Ipse
913 1701 956 1755 est
979 1695 1156 1755 uoluuntur
1175 1695 1379 1773 propeccatis
1403 1694 1523 1768 nostra

217 1799 244 1852 et
268 1793 361 1855 liuore
385 1795 450 1854 eiua
475 1815 531 1856 noe
556 1814 660 1858 omnes
683 1796 788 1856 senati
812 1813 928 1855 smnus.
971 1789 1062 1868 Quod
1088 1789 1115 1853 si
1136 1794 1228 1872 putes
1255 1812 1327 1855 eum
1347 1811 1413 1855 non
1434 1788 1523 1873 quasi

216 1910 274 1971 pro
295 1889 478 1955 remissione
498 1897 707 1974 peecatorum,
730 1891 783 1956 sed
804 1889 899 1974 pretii
919 1889 990 1956 loeo
1013 1890 1197 1973 sanguinem
1218 1911 1310 1955 suum
1332 1888 1453 1954 dedisse
1472 1886 1523 1952 uel

166 1993 198 2046 15
216 1987 353 2054 unimam
371 2011 460 2054 suam
481 1992 622 2073 posuisse
643 2013 701 2075 pro
721 1989 833 2056 ouibus
855 1988 928 2062 suis,
949 1987 1004 2054 ille
1026 1991 1082 2073 qui
1096 1989 1216 2072 aceepit
1236 1988 1372 2072 pretium
1394 1987 1523 2052 humsni

190 2143 194 2150 .
216 2087 339 2172 generis
366 2089 551 2174 sanguinem
578 2090 645 2154 eius
670 2089 722 2154 uel
748 2090 885 2154 enimam
911 2090 992 2167 eius,
1019 2088 1175 2172 siquidem
1199 2089 1344 2170 reddidit,
1374 2110 1438 2153 non
1465 2087 1524 2152 erit

216 2192 305 2270 grata
325 2188 478 2268 uenditio,
507 2188 534 2252 si
560 2210 636 2254 uero
657 2212 723 2255 non
743 2188 879 2253 reddidit
904 2191 960 2252 sed
985 2187 1081 2252 hebet
1101 2191 1185 2272 apud
1206 2209 1239 2253 se
1264 2187 1317 2254 uel
1338 2187 1522 2272 sanguinem

216 2287 281 2350 eius
311 2286 365 2350 uel
393 2287 530 2352 unimam
560 2289 635 2366 eius,
665 2290 823 2372 quomodo
854 2287 1044 2352 resurrexit?
1080 2292 1112 2351 et
1141 2287 1197 2352 ubi
1227 2292 1287 2366 est,
1319 2289 1403 2372 quod
1434 2285 1521 2351 dieil:

214 2390 388 2451 Potestotem
408 2391 496 2452 tadeo
512 2389 647 2469 ponende·
664 2393 801 2452 numm
814 2397 953 2452 meumst
967 2397 1140 2468 potesmtem
1154 2391 1242 2451 luta
1261 2391 1370 2451 iterum
1384 2389 1523 2450 sumendi

164 2488 198 2543 20
216 2491 304 2550 eum?
324 2486 392 2551 Aut
412 2487 473 2552 hoo
494 2487 553 2552 tibi
574 2487 711 2567 uidetur,
738 2489 823 2572 quod
846 2485 990 2552 diabolus
1012 2487 1125 2551 retinet
1145 2486 1331 2568 sanguinem
1353 2485 1470 2550 Christi
1491 2487 1523 2548 et

217 2585 368 2649 animnm‘
383 2585 450 2651 eius
474 2608 532 2670 pro
559 2587 687 2652 humani
714 2586 837 2671 generis
858 2589 968 2670 pretio.
1011 2584 1144 2651 Grandis
1171 2591 1218 2650 est
1242 2586 1303 2650 ista
1328 2583 1523 2667 blasphemia

218 2688 248 2748 et
267 2684 425 2767 proiimde
446 2685 587 2751 stultitia
623 2687 767 2751 Mortuus
789 2690 837 2750 est
859 2690 890 2750 et
910 2685 1090 2763 resurrexit
1121 2688 1206 2767 quod
1227 2689 1377 2768 posuerat
1396 2683 1523 2766 reoepit.

217 2781 304 2859 Quae
325 2783 377 2848 hio
398 2785 553 2866 uendite,
580 2791 634 2850 eut
661 2807 741 2869 quse
764 2784 902 2868 emptio?
938 2805 1008 2848 oum
1032 2789 1063 2848 et
1083 2783 1237 2867 propheta
1259 2783 1354 2850 dieat:
1390 2789 1524 2862 neumae

217 2887 288 2948 dea
309 2893 336 2948 et
356 2888 564 2966 disperduntur
584 2889 704 2950 inimici
725 2889 798 2950 eius.
840 2881 906 2948 Ubi
927 2884 1113 2948 resurreetio
1135 2886 1190 2963 est,
1212 2883 1256 2948 ibi
1278 2905 1370 2949 mors.

165 2998 198 3054 25
299 3003 386 3066 llud.
400 3005 441 3066 d:
460 2999 597 3066 Uidetur
617 3003 695 3068 mihi
715 3006 801 3088 quod
824 2999 938 3064 emitur
959 2999 998 3064 ab
1013 2999 1076 3066 alio
1092 2999 1161 3066 emi.
1194 2998 1271 3076 Quis
1287 3000 1370 3064 enim
1383 3020 1522 3082 unquam

218 3098 293 3163 emit
316 3102 402 3184 quod
422 3101 586 3184 proprium
608 3102 675 3164 est?

299 3219 354 3280 Ad
383 3220 423 3282 d:
467 3215 538 3300 Ipse
571 3215 726 3280 Dominus
761 3237 937 3282 consonans
977 3215 1139 3301 prophetis
1180 3216 1364 3299 pronuntiet
1403 3215 1521 3280 dioens:

222 3318 329 3380 Omnis
350 3321 405 3397 qui
423 3320 498 3396 feeit
511 3326 664 3397 peecatum
685 3339 792 3380 seruus
813 3327 858 3380 est
873 3321 993 3397 perculi.

301 3565 478 3637 8peeoator]
498 3565 563 3621 Cod.
580 3567 722 3635 peoeetum
746 3566 750 3633 Ι
775 3566 794 3621 4
818 3565 883 3622 Cod.
902 3566 1084 3623 alienationes
1107 3568 1111 3635 Ι
1136 3566 1202 3622 God.
1220 3566 1283 3622 adei
1306 3569 1311 3636 Ι
1337 3567 1401 3622 Cod.
1419 3582 1522 3636 posses-

216 3651 321 3724 sionem
339 3651 374 3719 (ΕΙ
393 3652 397 3718 Ι
417 3651 443 3720 (ὅ
460 3650 525 3706 cod.
546 3649 641 3719 »quis«
661 3651 730 3705 statt
749 3650 836 3718 ›qui‹.
854 3681 888 3690 -
906 3653 938 3718 ΒΙ
958 3655 963 3719 Ι
983 3652 1011 3720 (d
1028 3651 1098 3706 illud
1117 3652 1184 3721 esse]
1205 3651 1355 3707 Vielleioht
1376 3649 1522 3705 »dedisse«.

217 3767 249 3776 -
267 3736 299 3805 B)
319 3737 323 3804 Ι
343 3735 418 3805 qnod
435 3733 556 3805 sanguis]
579 3733 645 3790 cod.
663 3737 761 3798 rueret,
777 3753 811 3791 w.
829 3752 852 3789 e.
871 3736 926 3790 seh.
948 3736 1044 3804 »qdd«,
1063 3736 1138 3790 dann
1158 3736 1262 3805 »qnod«
1286 3735 1368 3805 (weil)
1392 3735 1397 3803 Ι
1422 3736 1436 3791 7
1457 3733 1522 3790 Ood.

217 3820 402 3891 promissione,
421 3819 473 3874 mit
492 3835 551 3873 »re«
570 3818 637 3874 dber
655 3817 703 3872 der
720 3819 792 3874 Zeile
807 3821 811 3888 Ι
828 3820 867 3876 10
886 3820 966 3891 alius]
988 3821 1023 3876 So
1041 3849 1075 3859 —
1092 3819 1146 3873 den
1164 3819 1249 3874 Codd.
1268 3819 1325 3874 und
1343 3820 1396 3874 den
1414 3808 1523 3874 Uberes.

212 3923 271 3966 ¹uon
288 3905 369 3959 Piens
386 3906 424 3974 (et
441 3904 512 3958 elius
530 3903 658 3968 rursum),
679 3903 824 3958 Perionius
843 3905 964 3974 (ebenso)
983 3905 1040 3958 und
1058 3903 1219 3974 Humphrey
1237 3905 1275 3972 (et
1293 3903 1364 3958 elius
1381 3902 1459 3970 alibi)
1478 3921 1521 3957 nu-

216 3989 292 4060 folgs
308 4020 342 4029 —
360 3989 430 4043 anuh
449 3988 498 4043 der
515 4006 555 4059 gr.
567 3988 610 4042 T.:
633 3983 725 4054 ἄλλος,
743 4006 800 4043 was
818 3989 877 4044 slso
894 3991 979 4046 sehon
991 3990 1072 4045 Rufin
1090 3988 1201 4059 galesun
1217 3989 1276 4044 het.
1309 3987 1460 4043 Wettstein
1478 4003 1532 4040 arn.

217 4075 323 4130 Rande:
344 4067 465 4138 »ἄλλωςι
484 4072 542 4127 und
558 4071 677 4126 Delerus
694 4070 723 4126 in
741 4072 795 4127 den
806 4073 911 4129 Noten:
931 4075 1018 4129 »forte
1035 4072 1183 4144 legendum
1200 4062 1317 4138 illuri.
1346 4071 1523 4127 Lommstseh

217 4160 267 4213 hut
292 4152 384 4223 ἄλλως
410 4155 545 4227 gerudezn
574 4155 604 4210 in
634 4156 688 4211 den
713 4157 784 4211 Text
808 4159 1029 4228 ansgenommen.
1065 4157 1138 4227 (Vgl.
1166 4156 1211 4212 die
1237 4157 1411 4226 Bemerkung
1436 4173 1471 4210 zu
1497 4155 1523 4211 d.

217 4243 262 4296 Gr.
280 4243 310 4296 T.
327 4271 361 4282 -
373 4241 406 4310 ΒΙ
429 4243 434 4310 Ι
458 4241 498 4297 28
516 4241 640 4308 Euuryut
663 4241 734 4296 sieht
755 4242 794 4296 im
813 4241 878 4298 cod.
897 4260 946 4296 aus
968 4242 1016 4296 wie
1033 4243 1156 4312 usurpent
1180 4243 1184 4310 Ι
1209 4240 1469 4311 redimerentur]
1488 4240 1522 4294 So

217 4327 265 4383 der
282 4326 360 4392 (lod,
387 4326 453 4380 aber
473 4325 526 4380 mit
547 4325 610 4380 dem
628 4326 922 4397 Abktirznngszeiehen
944 4343 998 4382 von
1024 4344 1106 4382 »eon«
1130 4326 1266 4382 nuisohen
1290 4345 1338 4380 »n«
1363 4325 1420 4379 und
1438 4327 1523 4379 »tin«.

217 4411 334 4466 noerae.
352 4398 648 4479 transumuntur
667 4412 671 4478 ι
691 4413 734 4466 ess
750 4411 799 4481 iu]
818 4409 884 4466 ooo.
903 4413 931 4466 ee
947 4411 1003 4467 uu.
1040 4411 1118 4480 casp.
1137 4411 1251 4466 anderu
1274 4414 1319 4466 »ee
1334 4409 1396 4466 uei·
1420 4409 1450 4464 in
1470 4408 1524 4464 »iu

217 4497 270 4562 et«,
286 4495 429 4550 bomerlrte
447 4494 514 4550 aber
525 4495 621 4550 sehon:
642 4494 818 4550 »Vielleiehtr
838 4495 919 4564 »moi
930 4495 1102 4564 resurreet‘o)
1121 4498 1170 4562 est,
1188 4496 1252 4551 ibi«.
1282 4497 1337 4550 Der
1354 4513 1394 4566 gr.
1406 4495 1436 4549 T.
1450 4489 1523 4549 ὅπου

218 4577 379 4644 ἀνάστασις,
398 4575 460 4634 ἐκεῖ
473 4576 623 4645 doleatve«
644 4611 677 4620 —
696 4581 726 4634 B.
