3744 5524
377 477 436 540 130
930 466 1120 523 Adamantius.
1312 468 1354 524 De
1369 468 1400 524 la
1416 469 1474 526 Rue
1491 470 1530 525 ΙΠ
1546 471 1676 528 838ο.-ε,

338 670 354 707 c
457 637 560 703 ΜΑΡ.
602 639 697 717 Πῶς;
1363 707 1365 712 ,

455 738 522 804 ΑΔ.
565 737 606 803 El
627 731 791 819 ἄτρεπτοι
812 735 844 803 σί
865 729 1069 816 ἅνθρωποι,
1096 723 1116 800 6
1138 727 1220 814 θεὸς
1241 727 1371 818 ἀγαθὸς
1392 737 1467 815 πῶς
1488 737 1673 820 ἐδείκνυτο,

371 830 415 921 μὴ
438 823 555 904 ὄντων
576 839 650 904 τῶν
670 838 785 921 χρείαν
805 825 959 920 ἐχόντων
981 836 1043 920 τῆς
1064 836 1128 901 τοῦ
1149 837 1233 902 θεοῦ
1254 827 1487 920 ἀγαθότητος,·

452 937 555 1003 ΜΑΡ.
598 937 820 1019 Σαφέστερσν
842 934 921 1002 είπέ.

335 1051 351 1104 5
452 1037 520 1102 ΑΔ.
560 1030 623 1115 Τὰς
647 1035 813 1120 ἐνεργείας
839 1035 903 1101 τοῦ
928 1034 1027 1114 θεοῦ,
1054 1026 1093 1112 ἃς
1118 1030 1216 1120 ἐφης,
1243 1024 1405 1119 ὀνόμασίν
1427 1036 1488 1103 είσι
1509 1029 1671 1123 μόνοιςῆ

368 1126 552 1220 πράγμασι,·

450 1237 555 1302 ΜΑΡ.
597 1225 792 1320 Πρᾶγμασιν
812 1233 940 1317 ἐνεργεῖ
958 1234 1016 1298 καί
1038 1225 1109 1300 οὖσι
1122 1222 1292 1318 ὀνόμασιν.

450 1337 516 1401 ΑΔ.
559 1327 629 1401 Ἐπὶ
652 1337 748 1413 τίνας
769 1333 910 1418 ἐνεργεῑ;

449 1435 551 1502 ΜΑΡ.
590 1425 658 1500 Ἐπ’
681 1425 899 1517 ἀνθρώπους.

313 1549 346 1603 10
447 1538 510 1599 ΕΓ
511 1538 568 1601 ΤΡ.
603 1534 645 1600 El
659 1524 835 1619 γεγόνασιν
850 1528 883 1599 οί
897 1524 1080 1616 ἄνθρωποι
1101 1526 1275 1615 ἄτρεπτοι,
1296 1535 1448 1617 περισσοὶ
1463 1521 1550 1618 ἦσαν
1566 1523 1666 1603 αὗται

362 1629 396 1698 αί
417 1631 585 1720 ἐνέργειαι.
620 1634 716 1710 τίνας
741 1626 804 1717 γὰρ
826 1628 961 1717 ἔμελλεν
983 1630 1097 1710 ἐλεεῖν,
1123 1625 1167 1716 μὴ
1191 1619 1307 1699 ὄντων
1333 1635 1408 1700 τών
1430 1632 1490 1716 [μὴ]
1518 1625 1665 1718 ἇμαρτα-

363 1727 513 1815 νόντων,·
543 1734 610 1801 τίσι
636 1726 698 1816 γὰρ
725 1731 860 1814 ἔμελλεν
882 1728 968 1797 εἶναι
988 1721 1132 1815 ἀγαθός,
1158 1725 1204 1816 μὴ
1230 1719 1345 1798 ὄντων
1365 1735 1439 1802 τών
1459 1725 1664 1820 χρῃζόντών

359 1833 421 1917 τῆς
443 1834 506 1900 τοῦ
527 1834 611 1900 θεοῦ
632 1823 866 1916 ἅγαθότητος,·

321 1942 340 1995 d
442 1932 509 1997 ΑΔ.
551 1925 613 1998 Διά
633 1932 668 1997 τί
689 1925 755 2016 τὴν
775 1931 836 2015 μέν
857 1923 1013 2015 πονηρὰν
1034 1926 1129 2015 ῥίζαν
1152 1929 1265 2014 λέγεις,
1287 1924 1352 2016 τὴν
1373 1930 1409 1996 δὲ
1431 1923 1585 2019 ἇγαθὴν,·

308 2039 339 2092 15
439 2031 543 2099 ΜΑΡ.
577 2020 650 2097 Ὅτι
671 2021 692 2115 ἦ
716 2020 830 2115 ἀγαθὴ
855 2022 963 2110 σώζει,
986 2018 1007 2113 ἦ
1028 2029 1065 2095 δὲ
1085 2022 1220 2114 πονηρὰ
1241 2021 1412 2097 ἀπολλύει.

440 2131 505 2195 ΑΔ.
546 2132 582 2196 Τί
603 2118 666 2197 οὖν
686 2129 799 2197 αἴτιον
815 2130 878 2196 τοῦ
898 2123 1066 2210 σώζεσθαι
1086 2119 1109 2213 ἢ
1130 2118 1344 2197 ἀπόλλυσθαι
1364 2124 1429 2197 τὸν
1450 2125 1660 2218 α”νθρωπον;

439 2229 542 2294 ΜΑΡ.
581 2231 644 2315 Τῆς
664 2231 834 2316 σωτηρίας
848 2229 912 2294 τοῦ
930 2219 1120 2311 ἇνθρώπου
1140 2227 1250 2308 αἴτιος
1272 2219 1398 2309 ὄθεός,
1420 2231 1482 2315 τῆς
1503 2233 1539 2298 δέ
1564 2223 1659 2299 ἀποε-

355 2328 446 2405 λείας
467 2317 486 2394 6
509 2321 675 2410 διάβολος.

438 2427 505 2494 ΑΔ.
546 2431 627 2507 Πῶς
648 2416 711 2496 οὖν
733 2427 817 2514 ἐφης
839 2428 970 2495 δίκαιον
993 2423 1078 2493 είναι
1100 2421 1164 2494 τὸν
1185 2417 1287 2507 θεόν;

303 2529 336 2586 20
436 2528 539 2594 ΜΑΡ.
584 2530 648 2593 Καὶ
670 2529 733 2596 νῦν
754 2551 838 2613 φημι
860 2516 916 2594 ὅτι
940 2527 1070 2605 δίκαιος
1091 2515 1110 2593 6
1132 2517 1222 2603 θεός.

435 2627 502 2692 ΑΔ.
546 2620 673 2713 Κριτής
694 2628 765 2696 ἐστι
787 2628 915 2704 δίκαιος
936 2614 956 2692 6
977 2619 1060 2704 θεὸς
1081 2615 1103 2709 ἢ
1125 2611 1181 2705 οὔ,·

434 2727 537 2795 ΜΑΡ.
581 2721 708 2812 Κριτὴς
730 2728 859 2804 δίκαιος
880 2715 898 2792 6
920 2716 1003 2804 θεός
1024 2725 1125 2792 ἐστιν.

429 2827 496 2892 ΑΔ.
537 2831 615 2894 Τίνα
635 2829 756 2911 κρίνεα

432 2926 536 2992 ΜΑΡ.
579 2929 693 3012 Κρίνει
719 2919 782 2993 τὸν
808 2917 971 3006 διάβολον
995 2926 1051 2991 καί
1077 2919 1158 3003 τούς
1179 2915 1339 3008 ἀγγέλους
1360 2916 1545 2994 αὐτοῦκαὶ
1569 2924 1650 3008 τούς

297 3038 330 3096 25
347 3014 556 3110 ἀνθρώπους
578 3021 658 3104 τούς
680 3017 960 3112 προσφεύγοντας
982 3014 1086 3108 αὐτῷ.

429 3125 495 3190 ΑΔ.
535 3118 600 3192 Τὸν
621 3117 782 3206 διάβολον
806 3128 903 3204 τίνος
924 3120 1022 3192 ἕνεκα
1044 3126 1168 3208 κρίνει,·

429 3225 531 3290 ΜΑΡ.
574 3219 633 3292 Διὰ
656 3219 697 3292 τὸ
719 3225 858 3293 πλανᾶν
883 3219 964 3303 τούς
985 3214 1205 3308 ἀνθρώπους.

308 3353 324 3390 ο
426 3327 490 3389 ΕΓ
490 3328 548 3391 ΤΡ.
584 3316 680 3409 Αὕτη
698 3315 893 3410 ἀδικωτάτη
914 3327 1029 3410 κρίσις.
1064 3323 1174 3408 εἰμὲν
1195 3314 1557 3406 αὐτεξοῦσώςέστινὸ
1580 3321 1648 3395 διοί-

342 3425 444 3502 βσλος
468 3426 524 3490 παὶ
554 3419 619 3508 ἔχει
649 3423 802 3505 ἐξουσίαν
833 3423 1083 3507 τοῦἷγενέσθαι
1109 3415 1239 3507 ἀγαθὸς
1263 3426 1319 3490 καὶ
1348 3417 1453 3491 πάλιν
1489 3427 1647 3509 γενέσθαι

290 3537 326 3592 30
341 3514 454 3603 κακός,
476 3524 616 3603 δικαίως
629 3525 791 3608 κρίνεται,
814 3511 879 3604 ὅτι,
899 3515 1084 3607 δυνάμενος
1100 3513 1229 3608 ἇγαθός
1243 3524 1408 3607 γενέσθαι,
1424 3515 1487 3591 οὔκ
1502 3525 1645 3609 ἐγένετο.

342 3621 370 3689 εἰ
396 3624 432 3689 δέ
458 3614 499 3690 οὗ
527 3616 667 3690 δύναται
693 3623 851 3708 γενέσθαι
876 3615 1020 3708 ἀγαθός,
1051 3623 1112 3708 τῆς
1138 3615 1271 3705 φύσεως
1296 3618 1341 3708 μὴ
1367 3619 1645 3710 συγχωρησούσης

426 3805 649 3864 1οΠ.ΒείΒπί.
667 3805 764 3861 bilden
783 3803 856 3861 dieue
874 3805 970 3860 Worta
987 3807 1035 3862 dee
1053 3805 1129 3860 Ευιε.
1147 3805 1199 3860 mit
1216 3805 1269 3861 den
1287 3805 1436 3876 folgenden
1454 3806 1502 3862 des
1519 3806 1571 3864 Διί
1589 3805 1642 3864 Διά

339 3891 366 3945 τί
382 3885 439 3946 πτὲ.
458 3890 519 3947 εἰπε
540 3889 725 3946 fortlaufende
744 3890 819 3946 Rode
842 3889 890 3945 dos
907 3891 959 3946 Ad.
995 3891 1098 3946 Gewiss
1115 3889 1271 3948 fehlerhast.
1305 3889 1358 3946 Miz
1373 3889 1418 3946 διὰ
1436 3891 1464 3947 τί
1481 3893 1565 3962 ίσυρί
1582 3891 1643 3948 eine

337 3993 407 4032 neue
428 3975 655 4044 Bewoisfflhrung
676 3992 720 4029 an.
755 3977 811 4032 Dan
835 3975 1046 4046 vorangehende
1067 3974 1095 4033 εί
1115 3974 1267 4046 γεγόνασιν
1287 3970 1345 4030 κτέ.
1362 3975 1399 4030 ἰοί
1420 3976 1466 4030 ein
1486 3993 1543 4032 von
1565 3977 1641 4033 Eutr.

336 4061 496 4132 gemachter
512 4061 630 4116 Sohluss.
666 4059 729 4115 Sein
745 4059 833 4116 Name
855 4077 914 4115 war
936 4059 1165 4117 wahrsoheinlioh
1181 4077 1279 4132 wegon
1300 4059 1348 4116 dee
1369 4060 1520 4132 folgenden
1537 4059 1566 4118 εί
1580 4080 1640 4118 αυε-

336 4146 456 4218 gafallen
477 4148 481 4214 Ι
501 4146 539 4202 11
557 4146 596 4215 μὴ
614 4154 648 4205 <
665 4144 711 4199 Ac
729 4143 786 4199 Pie.
804 4144 911 4200 Humfr.
928 4146 989 4200 Per.
1008 4148 1013 4215 Ι
1034 4146 1072 4202 12
1090 4145 1145 4201 τίοι
1162 4146 1241 4213 ABG,
1261 4145 1304 4212 τίς
1321 4145 1346 4200 d.
1364 4145 1423 4202 σοι.
1443 4147 1448 4214 Ι
1469 4147 1504 4202 15
1522 4143 1640 4206 ἀπίλλει

335 4231 361 4286 d.
378 4231 450 4289 HSS.
470 4233 475 4300 Ι
495 4232 533 4288 Ῑθ
551 4231 580 4286 τί
597 4221 647 4286 οὖν
665 4225 836 4301 αἴτιοντοῦ]
856 4231 881 4284 (ί,
900 4229 983 4286 HSS.:
1005 4231 1084 4296 τίνος
1101 4231 1139 4300 (τί
1154 4231 1236 4298 A²B²,
1253 4231 1283 4286 in
1301 4230 1321 4285 C
1338 4230 1376 4285 iat
1392 4230 1420 4285 τί
1437 4230 1466 4284 in
1484 4231 1563 4297 τίνος
1580 4249 1639 4287 ver·

333 4317 440 4387 σαᾱετίι)
459 4309 509 4372 οὖν
527 4311 618 4372 αἴτιον
635 4313 669 4370 τὸ
688 4313 793 4382 (ch
804 4314 874 4384 τοῦ).
909 4315 961 4368 »Et
978 4315 1047 4384 quid
1061 4321 1101 4370 est
1117 4317 1151 4371 ιἰι
1167 4331 1269 4370 cama«
1288 4316 1357 4383 Rufi,
1378 4315 1426 4368 »in
1442 4319 1504 4369 πίνο
1520 4331 1583 4384 erqo
1600 4323 1639 4371 εεί

332 4419 432 4457 eausa«
446 4401 510 4466 Pio„
530 4400 608 4470 »quis
619 4399 707 4468 ι’γίίιιν
720 4399 753 4452 in
764 4415 867 4454 ιαιαοι
881 4397 998 4467 Ησοιίτ,
1018 4417 1168 4469 »quamam
1180 4441 1187 4455 .
1197 4441 1203 4454 .
1214 4441 1221 4455 .
1231 4443 1238 4457 .
1250 4416 1349 4455 οουεαι
1362 4399 1421 4455 Per.
1437 4401 1441 4468 Ι
1457 4401 1497 4456 28
1513 4401 1595 4467 τίνας
1605 4402 1638 4464 Β,

331 4489 394 4542 τίνα
412 4487 437 4541 (1.
449 4486 508 4541 flbr.
524 4488 528 4554 1
544 4486 584 4542 24
602 4483 667 4550 τοὺς
679 4501 730 4540 vor
741 4480 827 4557 ἀνθρ.
839 4492 873 4543 <
885 4483 907 4539 Ε
923 4485 927 4551 Ι
943 4483 980 4540 25
997 4483 1216 4557 προσφυγόντας
1227 4485 1303 4553 A(w.
1316 4501 1339 4540 ε.
1351 4483 1531 4553 ³011.)ch
1550 4503 1636 4558 προσ·

331 4570 491 4642 φείγοντας
510 4571 536 4628 d.
553 4571 621 4636 σου,
640 4569 833 4638 »οοπίυρίιιπίι
853 4567 916 4623 Rus.
940 4571 943 4636 Ι
968 4569 1007 4626 2⁰
1026 4563 1123 4626 ἕνεκεν
1140 4569 1237 4624 ABFH
1261 4571 1265 4638 Ι
1289 4569 1327 4626 28
1346 4566 1373 4624 εί
1387 4568 1441 4637 μὲν
1459 4569 1485 4624 d.
1503 4569 1588 4636 Hss.‚
1611 4568 1639 4626 εί

330 4653 385 4729 γὰρ
403 4655 429 4710 ἀ
446 4659 549 4726 Ausgg.
566 4655 626 4724 180
643 4652 753 4725 ἐγίνετο
772 4652 876 4708 BGDG.
