3744 5528
220 461 334 531 Caspari
351 461 390 516 IV
409 477 431 516 c
449 463 557 516 11-13.
816 459 924 530 Dialog.
1465 473 1523 537 169

222 635 254 696 et
274 653 389 698 nonem
410 630 444 695 in
464 629 596 695 summis
617 629 748 696 excelsis
769 629 962 713 profectibus
983 634 1232 712 permanserunt,
1260 650 1324 695 non
1345 631 1456 700 fuisset
1476 634 1523 700 in.

222 731 322 812 dulta3
352 730 606 814 quandoquidem
631 751 690 795 neo
715 751 825 796 eorum
854 730 910 813 qui
935 750 998 813 quo
1020 731 1115 794 modo
1142 729 1364 798 oberrauerant
1390 734 1523 802 salutem

222 831 413 915 dispensatio
435 830 543 895 diuina
564 829 748 914 despexerit,
769 832 823 894 sed
846 829 983 894 stadium
998 830 1157 912 quoddam
1177 835 1374 914 praesentem
1394 834 1524 900 bunost

221 931 379 995 uisibilem
408 933 560 995 mundum
590 930 741 1013 posuerit,
774 931 808 994 in
838 951 910 1014 quo,
946 928 1194 994 concertantium
1226 934 1258 996 et
1289 934 1523 998 aduersantium

183 1040 321 1114 bagone
343 1033 511 1107 moderato,
534 1029 712 1094 certaminis
727 1030 866 1112 praemia
879 1027 1078 1114 proposuerit
1099 1047 1278 1113 regressum
1299 1035 1340 1096 ad
1354 1033 1522 1116 pristinum

220 1133 350 1204 statum,
380 1132 455 1194 dum
480 1151 537 1212 per
562 1128 684 1193 arbitrii
713 1127 892 1195 libertatem
921 1150 1002 1212 quae
1026 1128 1104 1194 illuc
1133 1132 1252 1194 ducunt
1285 1130 1360 1216 eligi
1386 1136 1417 1197 et
1441 1133 1523 1198 nihi-

219 1227 355 1295 lominus
378 1233 409 1294 et
428 1229 535 1311 respui
557 1251 637 1312 quae
657 1251 721 1295 non
742 1229 851 1294 sinunt
869 1229 1022 1313 possunt).

303 1350 328 1396 o.
349 1329 439 1398 XII.
473 1331 559 1393 aar.
581 1333 621 1393 d:
650 1326 739 1393 Haec
768 1350 832 1393 non
862 1327 964 1392 solum
989 1327 1171 1411 ignorantes
1202 1330 1320 1408 docere,
1352 1353 1463 1396 uerum
1493 1337 1523 1398 et

220 1427 333 1494 stultos
355 1451 392 1494 ac
413 1430 480 1493 sine
495 1449 589 1493 sensu
609 1427 753 1493 homiues
774 1427 944 1492 informare
966 1430 1006 1491 ad
1026 1425 1275 1511 intellegentiam
1296 1434 1436 1512 possunt,
1457 1435 1522 1496 tam

169 1533 203 1589 10
219 1527 297 1592 recti
331 1532 362 1592 et
392 1527 508 1612 integri
542 1530 699 1611 dogmatis
730 1527 907 1610 explanatio
938 1531 991 1591 ast
1035 1526 1079 1591 Et
1107 1527 1178 1592 ideo
1209 1527 1403 1610 superfluum
1436 1535 1522 1614 puto,

220 1649 292 1692 cum
313 1629 390 1692 haec
412 1631 477 1692 tam
504 1627 662 1692 euidentia
688 1631 816 1711 tamque
841 1625 1007 1710 perspicua
1033 1629 1197 1710 apparent,
1222 1626 1300 1710 ipsis
1326 1628 1443 1695 diutius
1465 1631 1522 1695 im·

219 1727 343 1792 morari.
377 1725 535 1791 Uidentur
562 1727 677 1791 etenim
702 1727 780 1791 mibi
806 1729 922 1810 dogma
947 1725 1090 1790 ueritatis
1113 1729 1144 1790 et
1170 1726 1343 1793 catholicae
1373 1729 1522 1795 ecclesiae

220 1833 388 1892 assertores
402 1826 493 1892 uelut
511 1827 583 1892 fons
601 1827 730 1910 quidam
749 1848 816 1891 esse
837 1825 965 1890 fluentis
986 1825 1176 1908 perennibus
1197 1823 1315 1906 lauans,
1336 1832 1380 1906 ut,
1403 1834 1521 1912 quanto

219 1925 354 2009 amplius
384 1926 454 2010 quis
485 1947 523 1990 ex
558 1948 595 1992 eo
624 1927 756 2004 hauriat,
790 1930 879 1990 tauto
909 1924 964 1989 ille
1000 1925 1158 2009 'copiosius
1186 1924 1272 1990 fluat
1308 1925 1356 1990 lta
1385 1949 1521 2012 namque

168 2029 336 2108 loquente
362 2026 549 2108 profundius
575 2026 663 2090 uisus
689 2030 736 2090 est
761 2025 885 2090 haurire
910 2024 1076 2090 Droserius
1106 2061 1148 2072 -
1178 2029 1209 2088 et
1238 2025 1456 2092 metuebamus
1481 2050 1521 2092 ne

216 2125 299 2188 forte
330 2125 485 2190 accideret
512 2125 626 2208 aliquis
656 2146 713 2208 pro
743 2123 813 2208 ipsa
841 2125 1002 2189 nimietate
1032 2124 1173 2189 defectus
1208 2160 1257 2204 -,
1291 2126 1439 2192 inuentus
1475 2133 1523 2192 est

214 2225 358 2290 ueritatis
372 2225 444 2290 fons
463 2225 632 2290 torrentior
645 2223 751 2303 fluere,
774 2246 869 2308 quam
891 2247 928 2290 ex
946 2223 1037 2289 initio
1052 2228 1198 2307 coeperat
1213 2245 1365 2290 emanare.
1392 2224 1436 2291 Ilt
1449 2227 1521 2292 ideo

217 2328 337 2389 rectum
352 2345 464 2390 censeo
478 2322 662 2390 Droserium
677 2328 709 2388 et
722 2321 890 2390 Ualentem
909 2347 928 2387 a
947 2326 1131 2406 dogmatum
1145 2324 1349 2406 pemersitate
1364 2325 1530 2392 desistere,

217 2420 358 2489 Marinus
383 2445 472 2503 uero,
502 2425 530 2488 si
554 2424 637 2503 uult,
667 2427 705 2488 de
731 2424 853 2488 duabus
879 2422 1009 2506 reliquis
1036 2423 1272 2506 quaestionibus
1303 2445 1381 2508 quas
1406 2446 1521 2509 propo-

162 2529 201 2587 20
217 2526 322 2587 suerat
350 2523 496 2607 persequi
525 2524 641 2588 habeat
670 2523 861 2589 facultatem.
896 2521 1032 2588 Uidetur
1062 2523 1176 2586 etenim
1202 2524 1263 2588 hoc
1293 2524 1429 2589 defuisse
1459 2524 1520 2589 dis·

217 2623 388 2706 ceptationi
408 2623 489 2698 huic,
512 2645 592 2706 quae
614 2623 653 2687 ab
675 2622 744 2705 ipso
766 2623 800 2686 in
820 2621 1000 2706 primordiis
1022 2622 1125 2686 fuerat
1145 2621 1307 2687 intentata.

300 2744 323 2786 c.
344 2723 455 2790 XIII.
489 2729 565 2788 Mor.
589 2728 630 2788 d:
664 2721 713 2788 De
739 2721 865 2787 Christo
895 2721 969 2788 uolo
995 2721 1154 2805 requirere
1189 2721 1229 2802 si,
1264 2725 1301 2786 ut
1324 2744 1382 2789 uos
1409 2721 1520 2798 dicitis,

217 2842 342 2886 earnem
363 2844 401 2886 er
423 2821 600 2886 substantia
620 2826 747 2887 nostrae
767 2825 897 2886 naturae
919 2821 1065 2904 suscepit
1101 2818 1193 2897 Quod
1211 2841 1271 2906 ego
1293 2823 1520 2904 perabsurdum

215 2924 293 3003 puto
315 2921 430 2986 ascribi
443 2924 639 2986 uenerandae
660 2919 709 2985 illi
723 2925 755 2986 et
774 2921 960 3004 purissimae
983 2920 1123 2986 omnium
1137 2923 1276 2985 naturae.
1312 2919 1374 2986 Sed
1388 2925 1420 2986 et
1433 2921 1519 3004 ipsae

163 3025 200 3080 25
216 3020 388 3104 scripturae
409 3023 448 3085 de
470 3021 560 3086 coelo
582 3043 654 3085 eum
676 3042 789 3103 corpus
810 3021 926 3086 babere
946 3023 1109 3085 testantur.

302 3269 366 3324 1111
384 3267 503 3334 summis,
521 3267 550 3322 in
567 3267 680 3323 excelsis
693 3269 754 3339 pn‘?
768 3269 804 3337 lb
822 3268 886 3325 Cod.
904 3271 1034 3338 regressui.
1063 3269 1174 3339 Caspari
1193 3287 1337 3339 »regressa
1359 3269 1520 3340 Regressis‘?

214 3351 395 3422 Regressuii«
409 3354 472 3408 -B
487 3355 491 3422 Ι
506 3353 577 3420 ullo
590 3353 700 3424 Caspari
711 3353 782 3408 will:
796 3355 854 3408 tam
866 3353 968 3422 (clara)
981 3351 1048 3407 recti
1061 3355 1112 3408 cat
1131 3353 1262 3424 Unnbtig‚
1276 3353 1338 3410 weil
1352 3357 1425 3410 »tam
1436 3355 1518 3409 reoli«

216 3439 478 3509 zusammengebbrt.
496 3438 565 3492 -B
580 3439 584 3506 Ι
602 3435 639 3494 12
658 3437 801 3508 Uidentur]
821 3437 886 3492 Cod.
904 3437 1021 3492 uidetur.
1047 3436 1159 3509 Caspari
1176 3439 1262 3510 fragt:
1282 3438 1437 3495 Uidentur?
1454 3439 1521 3495 oder

214 3520 318 3591 dogma
327 3522 383 3576 und
392 3521 529 3578 assertori
542 3522 598 3576 Dar
607 3539 646 3592 gr.
652 3522 681 3576 T.
691 3524 743 3577 hat
751 3522 804 3577 den
813 3521 950 3592 Singulas.
968 3522 1030 3576 Ruf.
1039 3521 1252 3579 dbersetatabar
1261 3524 1324 3578 sehr
1333 3525 1375 3580 oa
1382 3541 1519 3595 nugonem,

215 3605 273 3660 und
282 3607 326 3661 dia
335 3605 519 3663 Emendation
530 3605 687 3662 »uidentur«
699 3606 736 3663 ist
744 3624 774 3663 sc
784 3607 876 3674 leioht,
889 3607 951 3660 dass
961 3606 1000 3661 sie
1010 3606 1058 3661 der
1067 3607 1188 3662 anderen
1196 3607 1377 3664 vorauniehan
1385 3609 1429 3664 ist.
1439 3610 1504 3663 -B
1516 3609 1519 3678 Ι

217 3691 252 3746 15
261 3690 370 3745 haurire
378 3691 530 3763 Droserius]
542 3693 606 3748 Ood.
616 3691 733 3748 haurire.
745 3691 886 3746 Droserius
896 3691 974 3745 dixit.
986 3691 1042 3746 Das
1051 3691 1181 3762 folgende
1192 3691 1245 3746 »at
1252 3693 1441 3748 metuebamus
1451 3695 1518 3748 oet«

212 3774 251 3830 ist
267 3774 325 3830 also
341 3775 379 3830 im
393 3777 458 3830 Cod.
471 3778 545 3834 Reda
557 3778 605 3832 des
617 3778 694 3832 Dros.
722 3775 833 3846 Caspari
845 3775 982 3844 bemerktj
1003 3775 1173 3831 »Drossrins«
1187 3776 1223 3831 ist
1234 3776 1286 3832 mit
1299 3777 1387 3832 »uisus
1400 3780 1442 3833 est
1452 3776 1519 3832 hau·

215 3858 281 3914 rire«
293 3877 325 3912 au
336 3859 485 3916 verbinden
496 3861 554 3916 und
568 3861 667 3916 »dixit«
682 3879 715 3916 au
727 3859 1205 3927 streichen,undnacb»1)roserius«
1219 3861 1281 3916 sind
1293 3862 1415 3916 mehrera
1424 3879 1519 3932 ausge-

214 3943 317 3998 fallane
334 3943 432 4000 Worte
449 3963 483 4000 an
500 3949 649 4016 ergtnzen,
673 3946 735 4000 dem
752 3947 803 4000 καὶ
819 3939 874 4000 ὅσα
892 3941 939 4001 ἐπὶ
955 3947 1055 4000 πλεῖον
1073 3941 1101 4003 ol
1118 3946 1184 4017 aspi
1201 3942 1358 4018 Δροσέριον
1375 3941 1519 4016 ἀρύονται,

216 4025 370 4100 ἀπολήγειν
386 4027 491 4098 ταύτην
508 4031 766 4102 προσδοκήσαντες,
787 4027 915 4102 τοσούτῳ
932 4030 1065 4094 πλείονας
1088 4023 1214 4101 ὄμβρους
1231 4028 1390 4102 arcuatae
1410 4029 1519 4102 rufolge

216 4113 312 4169 Worte
324 4113 376 4168 wis
389 4113 480 4183 »qnod
491 4130 553 4169 eum
565 4115 728 4170 exhaustum
740 4114 774 4168 iri
791 4117 956 4185 sperauerat,
973 4115 1053 4169 tanto
1064 4113 1197 4169 maiorem
1208 4113 1265 4167 uim
1278 4129 1366 4183 aquae
1377 4113 1473 4170 fudit«.
1486 4145 1519 4154 -

214 4199 275 4266 (Iob
286 4199 383 4262 meins,
401 4197 464 4254 dass
477 4199 568 4254 niebts
582 4218 615 4254 zu
633 4205 770 4271 organaen
781 4199 824 4264 ist,
843 4201 920 4254 sonst
930 4197 1043 4253 wdrden
1055 4198 1106 4252 wir
1117 4197 1178 4252 eine
1190 4196 1319 4267 doppelte
1330 4187 1520 4268 Ubersataung

215 4282 315 4339 haben.
351 4283 457 4339 ›Dixit‹
476 4284 513 4338 ist
529 4284 668 4340 nattrliob
686 4303 719 4339 au
737 4285 880 4350 streichen‚
898 4283 961 4354 tund
979 4279 1133 4353 ἀπολήγων
1149 4280 1255 4350 aniane
1273 4284 1519 4354 προσδοκήσαντες

214 4368 265 4422 hat
281 4367 342 4423 Ruf.
360 4367 509 4422 feblerhatt
527 4368 665 4424 dbersatat
682 4369 767 4424 durch
791 4373 830 4422 »et
846 4369 1030 4424 manebamus
1042 4397 1076 4408 -
1087 4367 1230 4434 desectus«.
1265 4366 1356 4420 Wenn
1378 4367 1429 4422 wir
1446 4367 1519 4422 dicae

214 4451 312 4507 Worte
330 4450 371 4506 als
389 4451 469 4507 sinan
486 4453 702 4525 arabbangigen
720 4453 920 4509 Zwischansata
943 4453 1154 4518 einklarnmern‚
1177 4451 1330 4522 antapricht
1351 4452 1400 4506 das
1423 4451 1519 4522 iibrige

214 4536 279 4591 darn
297 4554 336 4606 gr.
352 4537 382 4592 T.
401 4565 434 4576 -
447 4537 479 4606 Β)
503 4540 508 4605 Ι
532 4538 569 4593 21
591 4539 656 4594 (lod.
674 4539 783 4593 fuerant
802 4539 806 4606 Ι
826 4536 867 4593 28
884 4537 949 4593 Cod.
968 4535 1128 4604 substantie,
1147 4536 1233 4592 durch
1250 4535 1369 4592 Einfluss
1387 4536 1435 4590 des
1452 4535 1519 4606 fclg.

215 4619 340 4676 Genitu'vs
357 4621 530 4678 entstandan.
