3624 5512
173 501 277 576 caspari
295 501 334 558 IV
352 519 374 558 c
392 503 417 558 2.
434 503 459 558 3„
760 501 869 573 Dialog.
1410 511 1468 574 143

170 673 307 758 despexit
348 695 429 756 eam,
468 673 520 740 uel
554 694 665 756 pessus
700 675 748 738 est
787 671 996 738 inordinatam
1037 693 1105 740 eam
1140 672 1192 739 uel
1227 671 1468 757 incompositam

169 794 332 853 remanere,
358 776 414 840 sed
439 793 605 859 aggressus
631 776 679 838 est
699 793 738 838 ex
759 793 798 838 ea
818 774 953 839 condere
978 772 1105 859 singola
1125 773 1177 839 nel
1202 795 1308 840 creare
1329 776 1361 838 et
1385 772 1469 838 mala

168 871 231 938 eins
252 895 398 957 separare
419 895 438 938 e
457 871 559 939 bonis.
593 871 637 938 Et
661 873 722 940 hoc
747 874 842 938 modo
872 876 1030 938 creaturas
1055 895 1194 940 summas
1224 894 1366 958 quasque
1396 893 1467 956 pro·

166 973 259 1051 duxit,
281 995 319 1038 ea
339 995 416 1038 nero
435 995 517 1058 quae
534 971 568 1036 in
588 971 658 1056 ipsa
676 971 765 1038 uelut
785 971 857 1037 faex
876 970 989 1036 ultime
1004 974 1213 1056 remanebant,
1235 971 1310 1058 quie
1324 970 1357 1036 in
1378 969 1467 1036 nullo

136 1071 337 1138 oconditioni
362 1072 414 1138 dei
438 1077 513 1155 apta
537 1069 741 1152 uidebantur,
769 1075 806 1137 ut
826 1075 915 1136 erant
943 1069 1105 1138 incondita
1130 1076 1228 1157 etque
1257 1069 1466 1154 incomposite

164 1171 339 1256 dereliquit
372 1171 410 1238 ln
434 1171 523 1238 nullo
554 1193 691 1256 namque
718 1171 746 1238 ei
776 1173 951 1238 conducere
980 1176 1133 1255 poterant
1168 1171 1217 1236 Ex
1243 1170 1359 1256 quibus
1388 1168 1466 1234 mihi

164 1269 287 1338 uidetur
307 1271 342 1337 in
362 1271 544 1338 hominibus
561 1271 677 1338 aboriri
698 1271 788 1336 mala
823 1268 868 1336 Et
877 1271 948 1338 hoc
969 1271 1048 1336 mihi
1062 1269 1178 1338 sentire
1199 1275 1319 1336 rectum
1333 1267 1466 1335 uidetur.

241 1392 267 1438 c
289 1372 366 1441 111.
402 1377 489 1438 Droe.
511 1376 551 1438 d:
574 1370 618 1437 Ut
604 1376 698 1456 tego
720 1371 753 1434 in
754 1370 880 1455 t‚ellego
905 1369 999 1436 ualde
1019 1369 1097 1436 mihi
1118 1374 1248 1455 apparet
1234 1371 1330 1435 thoe
1351 1371 1466 1453 dogma

161 1490 226 1536 esse
246 1469 458 1538 rectissimum
480 1474 512 1538 et
530 1469 671 1536 definitio
693 1472 731 1537 de
753 1491 817 1555 quo
837 1469 965 1536 omnino
988 1492 1052 1536 non
1074 1470 1188 1536 debeat
1211 1471 1354 1536 dubitare
1380 1469 1466 1544 haee,

118 1583 146 1638 ιο
161 1591 239 1654 quae
269 1569 415 1654 exposita
437 1574 485 1636 est
509 1594 530 1635 a
554 1569 624 1636 uiro
653 1569 893 1654 sapientissimo,
922 1568 1103 1637 Ualentino.
1137 1568 1172 1635 Si
1197 1573 1302 1636 eutem
1328 1567 1399 1654 quis
1425 1571 1465 1632 ad

158 1671 436 1736 contr-edicendum
458 1691 492 1736 se
516 1674 695 1754 praeparat,
722 1669 937 1755 aggredietur;
962 1673 1108 1753 paratum
1129 1692 1179 1736 me
1204 1669 1346 1736 inueniet
1366 1670 1407 1734 ad
1428 1691 1464 1733 ea

159 1790 236 1852 qnae
257 1771 411 1836 obiecerit
431 1772 627 1854 respondere.

238 1875 294 1935 Ad.
310 1875 352 1936 d:
373 1869 570 1936 Praeiudicio
591 1869 688 1934 animi
709 1868 870 1953 paulisper
890 1869 1028 1954 seposito
1050 1871 1090 1934 ad
1116 1869 1242 1955 singna
1267 1891 1348 1954 quae
1368 1869 1463 1934 inter·

158 1986 310 2052 roganero
333 1972 493 2053 responde.

113 2079 141 2132 15
235 2071 328 2135 Deos.
349 2074 389 2135 d:
418 2068 525 2135 Etiam
554 2070 633 2136 mihi
663 2070 708 2135 ita
737 2069 842 2155 placet
871 2091 977 2136 amore
1010 2069 1078 2136 ueri
1108 2073 1141 2136 et
1166 2070 1241 2135 fidei
1271 2090 1344 2134 cum
1376 2069 1462 2133 omni

155 2166 307 2248 patientia
332 2170 371 2234 de
395 2167 445 2234 his
467 2191 547 2254 quae
567 2170 601 2235 in
622 2169 839 2254 quaestionem
860 2171 992 2234 ueniunt
1014 2169 1246 2253 disputandum.
1280 2165 1356 2234 Non
1379 2169 1462 2234 enim

153 2266 265 2332 festino
288 2267 432 2334 obtinere
455 2270 540 2354 quod
561 2291 693 2353 prauum
715 2273 770 2342 est.
791 2271 847 2335 sed
868 2269 947 2335 scire
969 2261 1063 2352 quod'
1077 2273 1198 2334 rectum
1221 2271 1276 2336 est

233 2371 292 2434 Ad.
313 2372 355 2433 d.:
387 2367 541 2434 Coflaudo
571 2367 668 2434 animi
696 2372 744 2434 tui
773 2372 884 2434 uotum
921 2371 953 2434 et
987 2372 1228 2453 cognoscendae
1262 2367 1461 2452 propositum

152 2465 302 2532 ueribtia
340 2467 432 2545 Quod
458 2473 564 2534 entem
589 2470 628 2533 de
652 2469 702 2534 his
728 2468 821 2533 rebus
850 2489 932 2553 quae
957 2471 1033 2533 suut
1058 2468 1092 2534 in
1122 2469 1183 2535 hoc
1208 2469 1326 2535 mundo
1357 2466 1402 2530 ita
1428 2469 1459 2530 te

107 2571 136 2626 20
152 2563 228 2632 dicis
255 2565 383 2646 sentire,
412 2571 574 2653 tamquam
599 2590 637 2634 ex
662 2567 793 2634 materia
824 2569 959 2652 quadam
986 2571 1018 2632 et
1048 2568 1225 2634 substantia
1253 2568 1459 2652 praecedente

151 2663 226 2731 haec
244 2668 460 2750 procreauerit
482 2668 567 2746 deus,
587 2689 691 2734 nonne
712 2667 740 2734 si
760 2689 879 2748 uerum,
904 2666 1048 2748 Droseri‚
1072 2666 1148 2733 licet
1172 2689 1205 2733 se
1227 2667 1290 2732 iam
1313 2663 1458 2732 nonnulli

150 2785 259 2830 eornm
282 2765 339 2850 qui
361 2767 400 2830 de
418 2767 540 2852 origine
561 2766 637 2832 mali
657 2767 822 2851 requirunt
842 2767 903 2834 hoc
923 2771 1036 2852 putare
1060 2769 1093 2832 et
1112 2767 1265 2846 similiter,
1291 2769 1328 2832 ut
1348 2769 1393 2846 tu,
1419 2767 1458 2830 de

149 2861 266 2930 talibus
289 2863 420 2948 opinari,
441 2864 496 2930 alii
517 2868 610 2932 deum
630 2867 744 2932 horum
764 2867 968 2951 pronuntiare
989 2867 1185 2933 conditorem
1208 2871 1406 2933 coaeternam
1428 2865 1457 2929 ei

149 2960 362 3027 substantiam
382 2965 528 3031 timentes
554 2965 722 3044 ascribere,
751 2966 806 3032 alii
827 2971 932 3033 autem
962 2971 1106 3032 ucrentes
1137 2967 1239 3033 dicere
1267 2968 1361 3032 deum
1389 2987 1456 3030 esse

104 3063 133 3120 25
149 3061 346 3128 conditorem
374 3063 452 3130 mali
480 3070 677 3131 coaeternam
704 3065 733 3132 ei
758 3067 920 3132 materiam
947 3068 1102 3133 dixemnt
1138 3065 1200 3133 Sed
1226 3066 1305 3132 mihi
1330 3065 1457 3131 uidetur

149 3159 222 3244 quia
252 3160 308 3226 isti
338 3181 456 3244 omnes,
486 3186 560 3232 uere
591 3167 683 3230 deum
712 3186 776 3230 non
806 3165 960 3247 timentes,
990 3167 1051 3232 ista
1082 3167 1244 3233 senserint
1280 3164 1350 3232 Nos
1379 3183 1454 3250 ergo

229 3988 280 4054 ⁸14
301 3986 367 4044 cod
388 3987 515 4060 producit
537 3989 542 4058 Ι
564 3989 582 4044 d
603 3987 669 4045 God
687 3989 791 4058 inulla,
816 3989 869 4045 mit
888 3991 978 4046 einem
1004 3991 1116 4048 hleinen
1144 4009 1192 4046 ›n‹
1218 3991 1287 4047 dher
1308 3990 1357 4047 der
1379 3991 1451 4048 Zeile

146 4071 281 4128 rviaehan
301 4091 348 4126 »n«
367 4070 424 4128 und
443 4091 491 4128 »u«
508 4075 513 4142 ι
529 4074 568 4130 14
586 4073 651 4129 Cod.
663 4072 833 4144 respondete,
851 4093 891 4145 gr.
909 4072 1076 4148 ἀποκρίνου.
1103 4076 1157 4131 Der
1168 4075 1244 4131 Plur.
1257 4076 1325 4146 geht
1336 4093 1385 4132 aur
1395 4075 1450 4132 Not

145 4171 192 4211 an:
209 4157 255 4212 ihr
266 4155 475 4214 Valentinianae
488 4159 493 4226 1
510 4157 548 4214 21
566 4173 658 4213 nonne
670 4157 694 4212 si
705 4175 800 4214 nernm
812 4159 848 4215 ist
861 4161 984 4217 offenbar
996 4159 1159 4216 verdorben
1190 4159 1315 4231 Oaspari:
1335 4177 1449 4226 »nonne

145 4239 167 4294 ri
183 4257 290 4308 nuum,
323 4241 427 4297 fallaris
456 4241 610 4310 Βιοιοιιιι,
627 4259 684 4298 was
701 4243 801 4300 hainen
812 4245 925 4301 rechten
937 4245 1004 4302 Sinn
1017 4243 1102 4316 giebt
1133 4242 1282 4300 Vielleicht
1293 4243 1329 4298 ist
1344 4261 1449 4300 »nonne

144 4323 167 4378 ei
183 4341 293 4380 nerum
313 4325 505 4381 renchirchen
522 4327 592 4381 etatt
609 4344 680 4382 anon
697 4329 739 4384 est
755 4346 875 4386 omme.
892 4331 960 4384 -B
975 4331 981 4398 Ι
996 4327 1062 4384 Ood.
1082 4327 1239 4385 nonnullos.
1269 4328 1367 4383 Darne
1384 4345 1448 4383 man

145 4409 310 4472 οιιιιοιιιιιοιι,
337 4409 401 4465 deas
417 4411 489 4466 nach
510 4409 605 4466 »linae
627 4411 693 4468 oder
709 4411 781 4468 auch
800 4414 964 4470 »ascribere«
986 4415 1123 4469 ›comtetc
1142 4411 1209 4468 oder
1230 4415 1368 4468 ›want‹
1388 4430 1447 4468 aus·

146 4491 263 4562 gaulon
285 4493 336 4558 eei,
358 4493 415 4550 nnd
439 4511 498 4549 »se«
522 4495 669 4562 etreichen,
695 4513 726 4552 ec
743 4501 816 4552 adra
839 4495 1017 4552 »nonnullos«
1040 4514 1074 4553 ιιι
1090 4497 1222 4552 behalten
1245 4500 1250 4567 Ι
1274 4497 1315 4553 28
1332 4496 1381 4552 alii
1399 4514 1448 4552 vor

145 4574 233 4648 deum]
256 4577 321 4634 cod.
339 4577 416 4635 alios
447 4579 510 4650 Vgh
528 4579 573 4636 die
594 4597 707 4651 vorang.
725 4586 805 4636 dnm.
829 4583 834 4652 Ι
858 4581 924 4640 Cod.
942 4581 1148 4648 condititorem,
1172 4581 1223 4636 mit
1245 4581 1334 4636 einern
1357 4581 1446 4637 Strieh

145 4663 222 4718 nater
241 4661 302 4718 »ei«.
