3744 5528
210 485 323 557 Osspsri
342 485 367 539 V
385 501 407 541 c.
425 487 451 542 3.
467 489 492 541 4.
806 487 915 557 nidos·
1455 500 1512 562 179

293 675 317 719 c
333 654 408 721 ΙΙΙ.
437 658 493 720 Ad.
507 661 546 721 d:
568 655 701 740 (Doceat
721 657 854 722 uerbum
874 656 979 741 ipsum
994 678 1088 740 quem
1110 658 1221 722 docere
1235 659 1296 722 boc
1309 681 1374 724 non
1389 651 1512 744 potest)

208 753 303 838 Ergo,
334 774 407 818 oum
433 755 635 821 manifestum
661 756 703 822 sit
728 757 854 822 nonnisi
880 757 1025 821 interris
1051 761 1196 822 naturum
1217 755 1351 843 (carnis)
1374 761 1513 836 existere,

210 855 249 918 de
279 853 441 937 scripturis
471 858 571 938 probo
602 857 677 940 quis
706 877 831 922 oamem
862 860 893 920 et
923 856 1108 941 sanguinem
1138 859 1171 922 et
1199 855 1270 922 ossa
1298 860 1432 925 uerbum
1463 860 1514 925 dei

210 953 367 1019 assumsit.
403 952 491 1038 Ergo
512 955 575 1020 boo
600 958 687 1039 quod
706 955 740 1020 in
766 954 931 1038 euangelio
958 956 1073 1021 dicitur
1098 955 1142 1039 (et
1166 957 1291 1021 umatus
1319 960 1351 1021 ab
1379 957 1513 1042 flagellis

175 1059 319 1118 beessus
349 1057 381 1117 et
409 1053 443 1118 in
473 1075 564 1120 cruce
595 1054 693 1120 clauis
724 1054 865 1120 confixus
895 1077 1006 1120 munus
1035 1057 1205 1138 repedas,
1240 1055 1334 1121 etium
1365 1080 1384 1121 a
1412 1056 1514 1122 milite

209 1150 293 1218 lutus
319 1151 386 1218 eius
407 1152 518 1219 leneas
538 1154 746 1237 perforatum,
772 1156 856 1219 uude
883 1159 915 1219 et
936 1155 1064 1239 sanguis
1082 1153 1269 1238 profluxisse
1289 1157 1513 1242 perscribitur.)

209 1250 247 1316 In
273 1256 397 1317 tuntum
428 1255 533 1317 autem
562 1253 640 1319 haec
669 1255 703 1319 in
729 1255 831 1320 earnis
859 1253 992 1320 ueritate
1021 1257 1110 1339 gesta
1134 1259 1220 1330 suut,
1250 1260 1288 1320 ut
1317 1257 1413 1321 etiam
1441 1261 1515 1340 post

210 1353 469 1416 resurrectionem
493 1352 648 1436 discipulo
675 1354 831 1419 dubitanti
858 1355 987 1419 ffieerat:
1017 1358 1099 1419 Mitte
1119 1377 1231 1419 monus
1252 1364 1321 1420 tuoe
1341 1361 1377 1420 in
1396 1360 1514 1438 fissum

210 1455 367 1516 daucum
386 1461 413 1516 et
433 1457 469 1516 ia
489 1457 569 1518 lutus
589 1477 700 1532 mum,
722 1463 748 1518 et
768 1458 833 1518 ooli
853 1476 915 1518 esse
934 1457 1104 1518 increduius
1124 1457 1175 1518 sed
1194 1458 1292 1536 fideles
1313 1459 1357 1522 et:
1381 1459 1515 1538 Spiritus

160 1552 194 1608 10
210 1573 328 1616 cumen
348 1561 375 1615 et
394 1573 464 1616 csso
483 1575 547 1616 oms
567 1557 655 1632 babet,
677 1558 756 1617 scut
774 1575 820 1616 me
840 1557 950 1617 uidetis
971 1557 1079 1618 imbute.

294 1655 381 1715 theb.
402 1655 441 1716 d:
466 1651 635 1716 Manifesta
656 1651 734 1717 baec
755 1653 861 1716 omnia
886 1651 1047 1717 declarant
1073 1652 1147 1736 quia
1168 1651 1310 1718 Christus
1338 1675 1462 1719 cernam
1484 1658 1516 1718 et

211 1771 283 1816 ossa
303 1749 421 1814 habuit.
451 1749 514 1816 Sed
535 1751 611 1834 quid
632 1750 743 1834 plura?
774 1748 919 1830 Ostende,
946 1750 973 1815 si
998 1756 1097 1835 potes,
1123 1752 1253 1832 Marius,
1279 1773 1346 1817 esse
1370 1753 1404 1817 in
1426 1751 1515 1818 coelo

211 1848 420 1914 substantiam
451 1871 575 1915 caruem
606 1854 637 1914 et
667 1871 738 1916 ossa
767 1851 945 1929 habentem,
980 1854 1011 1914 et
1040 1855 1116 1917 tunc
1144 1851 1261 1934 poterit
1289 1855 1396 1935 patere
1430 1855 1516 1936 quod

212 1948 380 2032 quaeritur.

160 2047 194 2100 ¹5
293 2054 369 2114 Mor.
390 2053 429 2114 d:
452 2047 585 2115 Ostendi
606 2071 737 2133 corpora
758 2048 913 2115 coelestia.

294 2153 379 2212 diuis.
393 2154 434 2214 d:
456 2145 641 2213 Ostenditur
661 2168 736 2234 ergo
758 2148 919 2214 stellarum
942 2171 1014 2214 eum
1036 2171 1160 2215 curnem
1178 2150 1232 2215 uel
1253 2172 1325 2216 ossa
1343 2150 1516 2235 suscepisse

211 2251 243 2312 et
263 2246 456 2332 sanguinem,
479 2249 565 2331 quod
584 2247 695 2331 utique
717 2247 910 2332 impossibile
931 2253 985 2314 est

295 2353 350 2413 Ad.
363 2352 404 2412 d:
418 2347 616 2412 Manifestius
631 2351 663 2411 te
677 2347 811 2412 instruat
825 2346 952 2428 Paulus,
967 2348 1198 2414 distinctionem
1213 2349 1316 2414 curnis
1330 2353 1362 2414 et
1376 2350 1516 2433 corporis

213 2448 327 2513 docens
353 2448 414 2526 boc
440 2449 548 2512 modo:
578 2453 620 2512 Et
643 2470 708 2524 cos,
737 2447 850 2530 inquit,
872 2469 947 2511 uum
968 2453 1069 2512 essetis
1095 2452 1257 2531 diqumedo
1278 2453 1399 2514 inimici
1423 2453 1468 2514 dee·
1488 2458 1515 2513 ct

161 2550 196 2604 20
208 2550 359 2628 perecrini
386 2551 629 2628 repromissionis
659 2557 904 2626 ἰιειαιιιιηίοιιιιη,
933 2570 1017 2611 cunc
1045 2557 1144 2612 auton
1173 2553 1353 2612 reconciliati
1381 2553 1451 2612 estis
1479 2553 1514 2612 in

213 2669 330 2728 corpore
350 2651 451 2711 comte
472 2651 544 2712 cios
573 2644 719 2712 Ostendit
736 2647 901 2712 manifeste
921 2645 996 2730 quia
1017 2650 1048 2711 at
1065 2667 1179 2730 corpus
1201 2651 1233 2712 et
1251 2667 1376 2712 carnem
1396 2646 1514 2712 habuit

295 2751 370 2811 Mur.
393 2751 432 2810 d:
457 2745 733 2828 Coelesteoorpus
755 2746 873 2827 hebuit,
895 2751 927 2812 at
949 2749 1080 2812 ostendo
1103 2745 1178 2830 quia
1198 2745 1333 2812 coeleste
1354 2746 1423 2813 fuit

294 2850 350 2910 Ad.
372 2850 411 2911 d:
432 2844 482 2910 Ex
502 2867 565 2929 qua
583 2846 778 2911 substantia?
800 2845 1002 2929 angelorum?
1023 2869 1064 2910 an
1081 2845 1295 2930 potestatum?
1317 2867 1357 2910 sn
1376 2846 1516 2911 domina·

213 2945 355 3011 tionum?
375 2943 469 3010 Unde
489 2944 542 3009 uel
565 2967 603 3010 ax
624 2967 687 3029 qua
708 2945 884 3010 substantia
904 2945 1085 3011 assumserit
1105 2965 1218 3028 corpus
1240 2945 1363 3011 edicito.

162 3045 196 3100 25
295 3049 381 3108 metr.
403 3049 444 3110 d:
466 3043 546 3109 Oum
567 3066 631 3109 non
653 3046 837 3109 ostendetur
857 3044 1031 3109 substantia
1052 3044 1154 3109 cernis
1174 3045 1208 3108 in
1230 3043 1335 3125 coelis,
1357 3048 1515 3129 quomodo

213 3145 334 3208 dicetur
353 3144 426 3208 inde
448 3143 631 3209 assumsisse
653 3165 786 3220 carnem,
807 3143 862 3207 ubi
883 3165 945 3207 non
969 3147 1036 3208 est?

296 3265 320 3309 c.
343 3243 405 3312 lv.
432 3249 509 3310 Mor.
530 3248 569 3309 d:
601 3244 776 3320 ΛΟΚΗΣΙ,
802 3242 836 3306 id
857 3246 904 3307 est
924 3245 1066 3325 putatiue
1087 3243 1220 3308 dicimus
1242 3266 1313 3309 eum
1334 3243 1517 3310 assumsisse

215 3364 341 3427 corpus,
371 3343 454 3408 siout
475 3347 507 3408 et
527 3343 632 3428 angeli
662 3342 717 3426 qui
739 3342 801 3407 uisi
828 3346 901 3406 suut
921 3341 1080 3422 Abrahae,
1111 3343 1166 3427 qui
1192 3345 1223 3408 et
1247 3346 1519 3409 manducauerunt

218 3447 249 3508 et
268 3442 418 3509 biberunt
439 3464 511 3507 cum
534 3465 578 3508 eo.
615 3441 663 3506 Ita
684 3442 817 3508 dicimus
836 3443 911 3526 quia
933 3447 964 3508 et
983 3443 1036 3508 bio
1057 3441 1174 3509 iecerit

164 3549 197 3604 30
299 3547 353 3608 Ad.
375 3548 415 3608 d:
442 3542 525 3620 Quid
546 3561 621 3626 ergo
646 3542 735 3606 uenit
755 3563 813 3608 nos
836 3545 948 3608 docere
968 3544 1133 3608 ueritatem
1153 3541 1189 3622 is,
1211 3541 1244 3606 in
1264 3563 1328 3625 quo
1352 3545 1413 3610 boc
1435 3545 1519 3630 quod

215 3640 382 3706 uidebatur
403 3642 519 3706 ueritas
540 3662 605 3705 non
626 3645 712 3707 arat?
738 3641 781 3706 Et
803 3644 960 3726 quomodo
982 3643 1073 3707 nobis
1095 3642 1230 3706 salutem
1251 3642 1428 3726 praestitit?
1459 3643 1520 3710 Per

218 3742 416 3806 mendacium
437 3763 495 3806 uos
509 3739 638 3805 uocauit
659 3743 699 3805 ed
713 3742 830 3806 uitem?
852 3741 1016 3819 Quomodo
1031 3763 1081 3806 res
1102 3739 1184 3806 falsa
1197 3763 1271 3805 uera
1293 3745 1439 3807 credetur
1453 3765 1520 3807 asse

216 3841 407 3924 promissio?
428 3839 471 3905 Et
494 3842 652 3924 quomodo
674 3841 816 3906 ueritatis
837 3841 987 3925 magister
1008 3862 1075 3905 essa
1101 3843 1227 3923 poterat
1253 3839 1362 3924 quiin
1388 3841 1520 3907 ueritate

302 3990 318 4046 1
337 3988 435 4060 ipsum]
453 3988 518 4045 God.
534 3989 593 4059 ipse
608 3991 612 4058 Ι
627 3989 718 4059 quem]
737 3988 803 4044 Ood.
822 3990 875 4059 qui.
894 3989 963 4043 -B
978 3989 982 4057 t
997 3988 1014 4043 2
1032 3988 1121 4044 caruis
1138 3987 1175 4043 ist
1190 3987 1229 4042 im
1243 3989 1307 4044 Ood.
1325 3989 1494 4059 ausgefallen
1516 3990 1520 4058 Ι

218 4071 237 4128 4
256 4074 345 4144 »Ergo
362 4074 416 4128 hoc
433 4073 521 4144 quod«
541 4074 616 4127 kann
634 4074 679 4129 die
696 4074 813 4144 ricbtige
825 4075 879 4130 LA.
891 4072 969 4128 nicht
985 4071 1051 4126 sein.
1083 4073 1206 4144 Casperi:
1224 4073 1299 4142 Ergo
1314 4074 1368 4130 hoo
1386 4073 1521 4144 (profero)

218 4159 300 4227 quod.
334 4159 372 4214 Er
390 4159 527 4214 bemerkt:
552 4156 717 4222 „Vielleioht
738 4159 775 4212 ist
798 4157 923 4214 »Proiero
936 4151 1007 4227 ,ergo
1024 4158 1092 4214 hoc«
1117 4157 1183 4214 oder
1205 4157 1346 4212 »Probra«
1371 4175 1404 4212 zu
1421 4158 1521 4214 leson“.

219 4241 299 4298 Diese
311 4243 456 4314 Conjeotur
473 4240 581 4297 soheint
596 4242 649 4296 mir
665 4244 731 4297 aber
748 4242 826 4297 nicht
843 4241 993 4297 autreffeud
1011 4260 1044 4297 zu
1062 4241 1128 4298 sein.
1157 4242 1225 4296 Msu
1241 4241 1346 4297 kdnnte
1364 4243 1468 4313 fregen,
1486 4243 1522 4297 ob

219 4327 309 4382 dieser
320 4328 383 4382 Sata
401 4328 452 4382 mit
469 4327 532 4382 dem
546 4326 777 4396 vorangeheuden
791 4345 825 4381 zu
836 4326 986 4382 verbindeu
997 4325 1037 4382 sei
1047 4326 1104 4382 und
1116 4343 1146 4382 so
1158 4343 1192 4380 au
1203 4325 1291 4381 lesen:
1310 4328 1395 4397 probo
1413 4327 1478 4396 quia
1489 4357 1523 4366 —

220 4412 348 4467 assumsit
365 4429 398 4466 ex
415 4411 467 4466 hoc
479 4410 552 4480 quod
564 4413 616 4467 cet.
645 4411 682 4466 Es
699 4411 789 4466 bleibt
805 4411 872 4465 eber
888 4410 951 4466 sehr
968 4409 1111 4480 ungewiss,
1130 4411 1166 4464 da
1184 4410 1233 4465 der
1246 4426 1334 4480 gausa
1345 4411 1408 4464 Suta
1425 4409 1464 4464 im
1482 4429 1522 4480 gr.

219 4495 248 4548 r1¹.
267 4495 346 4550 sebit.
364 4497 430 4549 -B
450 4497 455 4564 1
475 4497 540 4551 Cod.
558 4495 587 4549 iu
605 4494 751 4564 euangelio
769 4495 850 4564 quod,
868 4492 920 4549 mit
938 4494 986 4547 »b«
1004 4495 1072 4549 bber
1088 4494 1222 4572 »incund
1241 4511 1287 4546 ›s‹
1305 4495 1373 4548 tiber
1391 4493 1495 4563 »quod«
1518 4495 1523 4563 i

222 4581 260 4637 12
282 4580 431 4635 »Maxime«
445 4579 501 4634 und
514 4579 630 4634 dardber
643 4577 777 4634 »Marino«
795 4581 798 4646 t
815 4579 853 4635 21
867 4577 1002 4647 Ostendit]
1016 4577 1081 4634 ooo
1093 4576 1216 4634 ostendo.
1245 4577 1311 4632 Men
1323 4578 1400 4632 kann
1412 4580 1523 4634 ebenso·

222 4667 273 4735 gut
292 4664 467 4720 »ostendeus«
484 4667 634 4719 vermuten.
654 4663 721 4716 —B
736 4663 740 4730 Ι
757 4663 795 4719 82
814 4663 865 4733 res]
885 4661 950 4719 Cod.
968 4663 1015 4718 rei.

1262 4745 1313 4800 12*
