3744 5524
230 471 339 542 Caspai-i
358 472 384 526 II
401 488 425 528 c.
438 473 479 528 18.
828 475 937 546 Dialog.
1498 486 1538 549 89

228 643 323 706 modo
344 639 449 724 legem
470 640 574 720 soluit,
597 646 692 725 negat
712 642 855 708 futurum
875 643 1036 724 iudicium,
1062 665 1181 727 poenas
1202 650 1299 729 negat
1318 648 1537 728 peccatoribus

228 741 426 806 inferendas?
450 740 485 806 Si
499 741 605 806 nullus
620 742 820 821 iudicabitur,
834 743 941 808 nullus
956 744 1226 825 condemnabitur,
1242 745 1319 828 quid
1334 768 1413 829 opus
1428 746 1538 831 fugere

228 863 247 905 a
269 844 422 920 creatore,
445 862 517 905 cum
538 863 631 906 nemo
653 843 714 907 hoc
735 842 840 926 ipsum
860 841 1000 909 uindicet
1022 847 1202 930 quodcum
1223 848 1363 911 creatore
1384 867 1442 911 sno
1465 846 1537 930 quis

229 943 402 1025 permanet,
433 962 526 1005 nemo
554 943 760 1008 condemnet?
802 941 896 1020 Quod
921 943 948 1008 si
969 942 1058 1008 nulla
1079 943 1227 1008 dicuntur
1245 944 1353 1008 futura
1374 944 1538 1028 supplicia,

195 1040 277 1105 this
299 1040 446 1105 omnibus
465 1041 630 1119 absolutis,
662 1064 758 1126 quare
790 1046 848 1106 Uoc
869 1042 911 1106 sit
935 1047 982 1106 illi
1010 1047 1142 1121 homiui,
1168 1065 1223 1124 per
1252 1066 1340 1124 quun
1364 1049 1539 1109 scandulum

228 1145 332 1204 uenit?
368 1144 424 1204 aut
457 1144 616 1224 quomodo
655 1147 717 1216 Qua·
744 1147 895 1206 conturbat
928 1165 985 1206 uoe
1014 1146 1145 1223 perlubet
1174 1147 1337 1221 iudicium,
1369 1148 1539 1226 quicunque

228 1250 271 1304 erl
290 1244 361 1304 uu?
1306 1261 1309 1264 ·

311 1344 402 1403 Maro.
423 1344 462 1403 cl:
485 1340 635 1404 Mandata
656 1341 723 1404 eius
744 1339 899 1425 infringit
1233 1411 1236 1417 ,

312 1442 367 1502 Ad.
389 1442 429 1503 a:
458 1436 533 1504 Sine
564 1439 660 1504 dubio
682 1443 834 1522 tanquam
856 1443 1014 1505 contraria
1039 1440 1088 1506 his
1115 1440 1179 1504 suis
1201 1440 1365 1504 mandatis.
1409 1439 1540 1505 Contre-

179 1546 213 1602 10
230 1539 312 1602 rium
333 1542 439 1602 autern
461 1543 508 1604 est
529 1539 620 1604 uerbi
641 1560 737 1604 causa
750 1539 825 1604 huic
840 1543 923 1622 quod
939 1539 1059 1604 dictum
1079 1544 1138 1604 est:
1160 1543 1231 1603 Nou
1245 1543 1429 1618 adulteratis,
1451 1539 1539 1604 adul-

229 1641 340 1716 terare,
361 1636 425 1701 uel:
447 1641 519 1702 Neu
539 1642 650 1702 occides
672 1637 822 1714 occidere,
845 1637 989 1703 similiter
1011 1644 1054 1703 et:
1081 1636 1157 1704 Non
1178 1637 1356 1717 furandum,
1378 1638 1484 1716 furari,
1508 1643 1539 1702 et

226 1741 329 1802 cetera
350 1737 399 1800 his
420 1736 549 1815 similia,
580 1759 661 1820 quae
682 1737 793 1820 utiquc
821 1739 848 1801 si
874 1738 1027 1822 infregit,
1039 1738 1197 1803 contraria
1220 1738 1269 1802 his
1290 1737 1452 1821 praecepit
1472 1738 1539 1821 ipse

226 1838 381 1901 mandata.
424 1833 462 1900 In
490 1835 561 1920 lege
593 1836 745 1920 scriptum
777 1841 836 1902 est:
872 1837 955 1920 (Nou
984 1836 1135 1920 oecidee*,)
1158 1842 1229 1901 Nou
1250 1841 1439 1915 adulteratae,
1469 1842 1540 1901 Nou

226 1940 342 2016 solcum
365 1939 568 2000 testimouium
589 1939 666 2000 dioec
688 1939 720 2001 et
741 1941 871 2002 caetera.
905 1936 1000 2002 Dicat
1022 1956 1111 2020 ergo:
1132 1935 1214 2013 Quid
1237 1937 1429 2001 contrarium
1450 1959 1539 2019 prae·

180 2041 212 2094 15
230 2036 333 2118 cepit?
376 2032 543 2119 Numquid
572 2035 665 2100 iussit
686 2036 876 2101 adulterium
906 2036 987 2116 fieri,
1018 2036 1073 2120 qui
1104 2035 1198 2100 etiam
1227 2040 1265 2102 de
1297 2039 1390 2102 corde
1420 2036 1540 2101 abscidi

229 2135 318 2199 iubet
348 2134 656 2217 concupiscentiam?
704 2139 759 2199 aut
789 2135 891 2200 occidi
921 2135 1060 2219 aliquem
1089 2135 1193 2213 iussit,
1224 2136 1280 2220 qui
1309 2157 1368 2200 nec
1397 2134 1540 2199 resistere

231 2234 358 2318 quidem
388 2233 477 2298 iubet
497 2233 601 2299 malo?
643 2233 712 2299 Aut
732 2235 887 2318 numquid
909 2233 1047 2318 aliquem
1069 2235 1168 2299 furari
1192 2236 1301 2300 docuit
1322 2235 1475 2313 saluator,
1504 2238 1541 2298 ut

231 2335 387 2399 contraria
407 2332 473 2417 legi
494 2336 642 2398 mandata
657 2334 858 2419 promulgare
872 2333 1038 2399 uideatur?
1074 2332 1175 2401 Immo
1195 2333 1302 2418 potius
1316 2337 1465 2398 mandata
1484 2357 1541 2398 sua

231 2438 269 2498 de
290 2432 361 2516 lege
383 2436 415 2496 et
435 2433 597 2516 prophetis
619 2433 748 2517 profert
790 2434 847 2496 Ait
869 2434 952 2500 enim
978 2434 1130 2499 saluator:
1157 2439 1221 2514 Eoo
1243 2444 1343 2497 autem
1369 2438 1433 2498 dico
1454 2438 1541 2498 ura

180 2544 214 2600 20
231 2557 323 2614 oeque
339 2538 473 2597 reeietere
493 2537 581 2597 orale.
617 2531 710 2609 Quod
732 2536 763 2597 et
784 2536 868 2615 apud
889 2539 1012 2598 ueteres
1033 2533 1079 2597 ite
1099 2533 1291 2616 praecipitur
1311 2534 1345 2597 in
1365 2531 1549 2617 prophetis?

231 2639 332 2712 Diua,
354 2633 471 2716 inquit,
496 2637 545 2696 leis
566 2637 622 2713 qui
641 2654 699 2696 uos
721 2637 846 2697 oderunt
864 2643 890 2697 et
911 2639 965 2715 qui
985 2644 1175 2698 exacuuntur
1199 2655 1268 2697 uos:
1298 2638 1421 2697 Fratres
1443 2639 1540 2696 uestri

231 2737 310 2798 celia.
344 2732 386 2796 Et
407 2732 530 2811 iterum,
554 2753 625 2796 eum
639 2731 691 2796 lex
706 2732 835 2797 diceret:
857 2737 928 2797 Nou
942 2737 1100 2813 furabor-ie,
1122 2738 1155 2798 et
1168 2732 1309 2797 saluatur
1327 2733 1418 2798 dixit:
1445 2737 1540 2796 Ueude

233 2836 309 2896 bono
330 2842 382 2895 tuo
403 2841 429 2895 et
449 2837 487 2895 dc
500 2835 694 2922 pauperitua
736 2830 808 2896 Hoc
830 2836 944 2912 autem,
966 2834 1053 2917 quod
1073 2831 1162 2896 iubet
1184 2831 1251 2918 dari
1265 2833 1461 2913 pauperibus,
1476 2854 1540 2897 non

233 2935 281 2997 est
309 2953 428 2996 nouum
458 2951 561 3014 neque
591 2931 792 3014 peregrinum
815 2931 938 3015 alege,
968 2934 1024 2995 sed
1047 2936 1078 2996 et
1099 2932 1259 2997 ueteribus
1282 2933 1330 2994 cst
1349 2935 1540 2996 mandatum.

179 3041 213 3096 25
232 3031 392 3114 Scriptum
419 3034 466 3094 est
496 3030 592 3094 enim:
627 3034 673 3095 Nc
694 3036 827 3109 deeiuos,
853 3030 969 3115 inquit,
996 3035 1157 3112 terrefacere
1178 3054 1279 3112 cocae,
1306 3035 1541 3113 quandocunque

230 3136 312 3195 tutet
332 3153 444 3194 manue
459 3140 518 3195 tuo.
551 3129 594 3194 Et
615 3129 738 3210 iterum,
754 3134 840 3214 quod
855 3131 934 3195 dicit
947 3131 1099 3196 saluatur:
1120 3135 1244 3212 Diliqr'te
1258 3135 1400 3196 inimicos
1413 3141 1539 3206 uestros,

231 3251 288 3295 nec
308 3231 369 3295 hoc
389 3251 508 3294 nouum
530 3233 589 3309 est,
616 3232 671 3294 sed
698 3234 730 3296 et
753 3231 787 3294 in
808 3231 970 3314 prophetis
997 3231 1149 3315 scriptum
1172 3235 1220 3296 est
1245 3231 1320 3315 quia
1343 3233 1380 3294 Si
1403 3235 1543 3320 marcell

229 3335 374 3394 inimum
396 3339 482 3407 tuus,
503 3334 567 3394 crta
587 3334 687 3408 illum,
713 3335 742 3393 a·
763 3335 881 3410 sillem,
900 3342 1005 3412 potuere
1026 3337 1064 3395 du
1085 3338 1120 3396 ei.
1163 3329 1225 3395 Sed
1247 3331 1324 3414 quid
1345 3351 1472 3396 neccsse
1494 3333 1542 3395 cst

231 3451 406 3495 sermonem
421 3429 554 3494 nimium
569 3428 701 3494 dilatare
717 3428 843 3514 singula
851 3429 1042 3512 replicando,
1057 3452 1129 3495 cum
1138 3429 1393 3494 manifestissime
1402 3418 1543 3494 saluator

180 3537 214 3592 30
231 3551 303 3607 non,
324 3532 362 3593 ut
381 3529 435 3593 isti
457 3528 574 3606 dicunt,
596 3529 718 3594 soluere
739 3529 843 3615 legem
862 3529 949 3595 uenit
971 3530 1024 3593 sed
1043 3529 1234 3612 adimplere?

313 3633 404 3694 llere.
425 3633 465 3694 d:
495 3627 568 3694 Hoc
588 3627 637 3693 illi
663 3629 856 3712 scripserunt
885 3629 940 3712 qui
966 3628 1179 3707 iudaizabant,
1205 3629 1266 3693 hoc
1288 3632 1348 3694 eetz
1378 3634 1448 3694 Nou
1469 3635 1543 3694 ueue'

232 3734 344 3793 soluere
364 3733 454 3809 leuem
475 3734 526 3792 sed
546 3733 714 3810 adimplere.
750 3727 892 3794 Christus
914 3731 1021 3792 autem
1042 3729 1172 3792 nonita
1194 3729 1283 3806 dixit,
1309 3731 1364 3792 sed
1385 3728 1430 3792 ita
1452 3729 1540 3794 dicit:

232 3833 303 3892 Nou
323 3833 396 3892 ueni
416 3833 576 3909 adimplere
597 3833 688 3909 leuem
709 3833 759 3892 sed
779 3833 899 3893 soluere.

318 4387 366 4455 cll
386 4404 463 4442 »oum
481 4405 561 4443 nemo
574 4418 606 4427 -
619 4388 798 4443 condemnet«
818 4389 868 4442 hat
885 4388 947 4444 Rus.
965 4387 1105 4458 unrichtig
1125 4389 1272 4442 flbemetnt.
1290 4387 1363 4439 -B
1387 4387 1392 4454 1
1417 4385 1456 4442 12
1474 4385 1541 4456 ipse]

234 4472 299 4526 Cod.
315 4471 376 4542 ipsa
390 4473 394 4541 l
410 4473 449 4528 22
468 4472 535 4527 Cod.
554 4471 691 4526 »Uentre«
710 4472 762 4526 mit
779 4470 869 4527 einem
884 4471 974 4526 Strich
990 4474 1071 4526 unter
1088 4471 1151 4526 dem
1170 4471 1210 4526 »i«
1227 4472 1232 4539 Ι
1248 4471 1286 4527 25
1304 4470 1369 4526 Cod.
1388 4470 1450 4525 Non
1468 4470 1542 4524 sinas

235 4555 337 4611 Gewiss
356 4559 474 4628 corrupt.
509 4558 576 4611 Man
598 4556 667 4612 lese:
691 4556 747 4611 »Ne
765 4555 889 4611 desinas«
913 4556 979 4610 oder
1003 4573 1052 4610 »ne
1070 4555 1235 4611 abstineam·
1269 4556 1321 4611 Die
1344 4554 1400 4608 alte
1421 4553 1470 4609 lat.
1488 4543 1541 4610 llb.

233 4641 279 4696 bci
296 4640 429 4708 Sabatier,
448 4640 521 4697 Bibl.
538 4658 607 4698 sacr.
625 4657 693 4696 vers.
712 4643 777 4707 ant,
795 4642 857 4695 hat:
878 4640 957 4696 »Noli
975 4639 1137 4696 abstinere«.
1156 4671 1188 4680 -
1205 4642 1237 4697 B.
