3744 5528
220 467 332 540 Caepari
349 469 374 522 V
391 483 414 522 e.
432 469 473 523 22.
822 470 931 542 Dialog.
1464 479 1524 540 221

301 643 357 703 Art
372 643 411 703 e:
438 636 625 721 Quicunque
651 641 747 704 uerba
769 638 905 723 apostoli
926 661 1007 724 quae
1029 639 1234 722 spiritualiter
1259 641 1342 704 dieta
1364 644 1438 703 sunt
1463 661 1527 704 non

219 737 424 822 spiritualiter
450 736 616 819 recipiunt,
647 759 773 804 neeesse
799 744 847 804 est
875 742 912 803 ut
942 762 961 802 a
990 740 1122 805 ueritate
1152 739 1318 806 declinent
1352 739 1527 822 Apostolus

220 838 303 902 enim
325 859 452 903 earnem
474 841 505 900 et
525 839 711 921 sanguinem
732 841 874 905 nominat
899 844 1006 922 turpes
1029 844 1116 904 aetus
1139 843 1170 904 et
1195 840 1378 905 inhonestos
1399 840 1453 904 uel
1474 859 1527 903 eos

218 937 360 1002 homines
387 935 443 1020 qui
469 935 606 1002 earnalia
632 937 771 1021 sepiunt,
799 961 879 1022 quos
901 945 932 1004 et
954 939 1093 1005 carnales
1114 945 1220 1017 uoeat,
1248 940 1322 1023 quia
1344 942 1375 1003 et
1396 961 1450 1004 eos
1472 938 1528 1021 qui

185 1035 373 1119 5spiritalia
398 1036 450 1102 uel
476 1040 576 1120 agunt
605 1036 657 1100 uel
682 1036 865 1122 intelligunt
894 1039 1051 1122 spiritales
1077 1038 1224 1122 appellat
1264 1038 1308 1103 Et
1338 1039 1365 1102 si
1394 1038 1528 1116 uidetur,

218 1138 324 1220 ipsum
345 1136 403 1200 tibi
418 1136 597 1219 apostolum
618 1136 691 1220 lego
713 1137 967 1203 manifestissime
982 1139 1138 1203 dieentem
1160 1137 1299 1202 eemales
1320 1159 1373 1203 eos
1396 1136 1528 1221 quinon

220 1235 355 1301 fideliter
380 1241 615 1314 conuersantur‚
644 1239 700 1300 sed
725 1237 759 1300 in
785 1237 962 1303 carnalibus
984 1234 1107 1302 actibus
1132 1236 1348 1303 inuoluuntur.
1383 1235 1538 1320 Denique,

221 1335 310 1406 dicit:
344 1339 380 1400 Ut
405 1341 577 1416 testificatio
608 1341 680 1416 lepte
704 1340 863 1416 impleatur
888 1343 923 1400 e'n
944 1342 1038 1417 nobis,
1067 1342 1122 1419 qni
1141 1359 1205 1400 non
1225 1342 1390 1402 aeonndnrn
1410 1359 1529 1401 contem

220 1439 409 1499 ombnlremne
430 1441 481 1500 sed
501 1440 665 1500 seeundum
686 1439 837 1515 spiritum.
874 1440 936 1510 Qne‘
955 1441 1037 1500 enim
1054 1441 1218 1501 seeundum
1238 1459 1357 1502 earnem
1376 1441 1529 1500 ambulent

171 1539 203 1594 10
222 1556 296 1616 qnae
317 1540 419 1598 cornis
440 1544 512 1598 sunt
532 1540 670 1616 eaprinnt,
692 1539 747 1616 qni
767 1557 840 1599 nero
862 1542 1025 1601 secundnm
1045 1542 1187 1618 spiritum
1209 1559 1283 1619 qnae
1304 1546 1376 1600 eunt
1395 1541 1528 1616 spinter.

221 1639 387 1699 Prudentia
408 1639 489 1698 enim
510 1640 608 1699 earnis
629 1639 755 1698 inimica
776 1645 819 1698 eet
839 1641 908 1714 deo,
923 1641 1088 1717 nndnete'o
1105 1659 1177 1700 nero
1191 1640 1318 1718 spirim
1338 1640 1404 1699 ne'ta
1417 1646 1445 1699 et
1458 1657 1529 1716 pon.

227 1737 286 1797 er
307 1743 405 1798 annm
421 1757 484 1798 non
504 1739 575 1798 eatis
588 1738 623 1798 e'n
643 1757 730 1798 earne
748 1739 799 1798 aed
818 1739 853 1799 in
874 1738 992 1816 :pinta
1020 1733 1081 1799 Die
1103 1754 1179 1819 ergo
1198 1735 1277 1799 mihi
1298 1735 1324 1799 si
1344 1733 1393 1799 illi
1414 1733 1530 1817 quibus

221 1833 299 1898 haee
329 1832 546 1898 scribebantur
575 1832 609 1896 in
640 1854 732 1897 neme
761 1855 826 1899 non
857 1839 952 1911 erant,
982 1836 1043 1900 hoe
1072 1839 1127 1914 est,
1158 1836 1273 1900 sinon
1304 1833 1369 1916 (in)
1400 1854 1529 1916 torpore

223 1931 386 2011 uiuebant‚
413 1931 528 2016 quibus
549 1932 640 1998 dicit:
667 1937 726 1997 Uos
746 1944 846 1999 antem
866 1940 901 1998 e‘n
921 1958 1009 1999 corne
1029 1957 1094 1998 non
1114 1939 1184 2000 eete’s
1210 1939 1261 1998 sed
1280 1939 1316 1998 e'n
1336 1937 1453 2014 spiritu.
1488 1930 1532 1995 Et

172 2043 206 2098 15
221 2031 337 2096 iterum
363 2031 440 2095 dicit
461 2034 500 2096 de
521 2031 605 2097 aliis:
635 2037 698 2096 Lae
721 2039 808 2098 erotis
828 2044 937 2115 potone
958 2039 1035 2116 dedi,
1066 2057 1130 2098 non
1154 2055 1263 2111 esrom,
1292 2037 1430 2096 nondnn
1451 2036 1529 2098 enin

217 2136 374 2211 poterone,
400 2136 495 2196 odhno
514 2136 595 2196 enim
616 2137 687 2196 estis
706 2137 847 2196 cornone.
881 2138 959 2198 Com
979 2138 1060 2198 ene'm
1080 2139 1115 2197 e‘n
1135 2137 1222 2198 nobie
1241 2136 1439 2197 contentiones
1459 2139 1531 2194 senet

223 2239 249 2293 et
262 2235 472 2305 (ἰοοοοοοοίοηοο,
490 2254 591 2294 nonne
604 2237 737 2296 tornatos
751 2237 844 2296 estis?
871 2229 915 2296 Et
931 2232 1058 2298 iterum:
1084 2238 1163 2298 Onne
1177 2237 1259 2296 ene'm
1272 2237 1373 2296 essetis
1386 2236 1421 2294 e’n
1434 2252 1531 2308 earne,

223 2334 302 2393 nitio
317 2341 505 2410 pecatorum
531 2353 607 2412 quoe
626 2353 682 2410 per
703 2335 794 2412 quem
820 2341 896 2395 sent
920 2335 1115 2412 opeerobontnr
1139 2336 1175 2395 e'n
1198 2336 1298 2405 nobie,
1325 2353 1407 2394 nuno
1432 2340 1532 2394 antem

223 2452 288 2493 non
317 2433 388 2493 eetie
417 2433 453 2493 in
481 2452 568 2493 eume
597 2433 648 2492 aad
676 2435 712 2494 in
741 2434 859 2511 epe'n'tn.
899 2428 987 2495 Haeo
1017 2450 1092 2514 ergo
1124 2431 1229 2495 omnia
1259 2432 1429 2496 ostendunt
1458 2427 1533 2512 quia

173 2535 208 2591 20
225 2549 350 2592 earnem
365 2526 442 2592 dioit
461 2527 619 2594 carnalem
634 2531 666 2592 et
686 2529 856 2611 pessimam
871 2528 1148 2607 conuersationem,
1169 2527 1271 2593 ueluti
1288 2527 1338 2593 illi
1360 2530 1397 2592 de
1417 2528 1532 2611 quibus

317 4118 425 4187 tlego]
450 4117 515 4172 Cod.
533 4118 596 4187 lege
619 4118 623 4185 Ι
648 4117 687 4173 13
710 4117 771 4170 »In«
795 4115 868 4171 fehlt
887 4116 927 4171 im
948 4116 1013 4172 uod.
1037 4119 1041 4186 Ι
1066 4118 1103 4173 17
1123 4115 1190 4172 Hier
1210 4116 1282 4170 fehlt
1304 4116 1348 4170 die
1366 4105 1460 4171 Ubera.
1484 4132 1538 4170 von

233 4195 348 4258 ὅταν-
360 4197 444 4275 flete.
463 4197 534 4258 ἐστε.
570 4202 640 4256 Desa
661 4200 723 4255 Rnf.
746 4198 820 4255 diese
839 4199 935 4256 Worte
956 4200 986 4255 in
1009 4201 1097 4256 seiner
1119 4199 1239 4270 Vorlage
1261 4200 1400 4270 gerunden
1421 4199 1478 4253 und
1500 4199 1539 4255 sie

232 4284 372 4341 ubersetet
388 4285 445 4350 het
463 4286 521 4341 und
539 4287 601 4340 dass
619 4285 663 4340 die
676 4284 847 4354 Auslassung
864 4284 954 4340 einem
967 4284 1151 4340 Absehreiber
1162 4285 1210 4340 des
1221 4285 1270 4339 lat.
1283 4284 1313 4339 Τ.
1326 4284 1539 4340 zneusehreiben

232 4370 281 4439 ist,
304 4370 372 4442 geht
388 4387 437 4425 ens
455 4370 518 4426 dem
535 4370 602 4442 folg.
623 4369 681 4424 »ini
698 4369 733 4424 de
750 4369 849 4437 quibua
868 4369 947 4424 dicit:
970 4369 1068 4423 Nonne
1085 4369 1208 4423 homines
1226 4367 1325 4424 οοίοὲοθι
1349 4370 1460 4432 hervet.
1482 4385 1539 4423 was

234 4454 279 4509 ein
297 4454 522 4524 vorangehendee
535 4453 612 4509 ortas
623 4456 800 4510 voranssetnt
817 4455 887 4507 -B
902 4455 907 4522 l
923 4454 963 4510 20
981 4452 1128 4523 carnalem]
1146 4451 1393 4524 concorporalem
1407 4453 1412 4522 Ι
1428 4452 1540 4524 Caepan'
1644 4494 1648 4502 ,

234 4539 316 4609 uage
334 4539 370 4594 ob
388 4539 466 4594 nieht
487 4537 589 4594 »veluti
606 4538 649 4592 illi
666 4535 912 4592 eonversabantur«
932 4537 1111 4609 gesnhn’eben
1128 4537 1237 4593 werden
1256 4536 1316 4592 soll.
1351 4537 1436 4592 Nieht
1451 4536 1539 4591 wahr-

235 4622 399 4688 seheinlioh3
416 4624 477 4678 Ruf.
496 4623 597 4678 drtiekt
614 4623 673 4678 sioh
689 4622 750 4677 hier
765 4638 896 4692 ungenau
912 4639 969 4678 eus.
987 4653 1020 4662 -
1032 4623 1062 4676 B.
