3744 5524
241 453 352 526 Casperi
369 455 396 510 II
413 471 435 510 o.
453 458 494 514 19.
839 454 948 526 Βὶὓὶθε·
1485 466 1543 530 103

240 626 392 691 hebetur?
429 623 504 690 Sine
527 623 623 688 dubio
646 645 684 688 ex
706 645 742 689 eo
765 627 851 708 quod
871 623 906 688 in
926 621 997 708 lege
1016 623 1168 707 seriptum
1190 630 1244 692 est
1279 626 1333 693 Sio
1352 627 1435 692 enirn
1456 626 1544 693 dieit:

240 729 281 788 Et
299 729 423 790 eooouit
442 729 514 789 daus
534 729 762 806 fimmneetem
783 727 903 789 eoelum.
939 722 1002 789 Sed
1024 727 1055 788 ot
1076 723 1157 790 illud
1177 748 1242 791 non
1263 731 1311 792 est
1336 725 1545 792 omittendum

241 827 327 908 quod
360 823 503 889 uolentes
528 824 582 889 isti
608 823 772 888 exoludero
799 821 962 890 dominum
987 827 1162 890 seeundum
1183 846 1307 890 earnem
1334 847 1401 892 osee
1426 829 1543 905 netum,

239 923 445 990 immutarunt
463 926 523 990 hoe
543 925 628 1008 quod
642 925 681 988 de
695 923 839 1006 apostolo
854 922 1061 1005 protulerunt
1096 922 1162 990 Ubi
1177 924 1265 990 dioit:
1286 929 1434 990 emendos
1447 931 1544 1006 tomo,

206 1023 293 1090 bisti
312 1023 465 1090 feoerunt:
492 1027 646 1100 rotundus,
668 1027 824 1102 menime,
849 1044 914 1089 non
935 1025 1133 1090 eduertentes
1156 1023 1319 1090 imminere
1341 1025 1402 1091 sibi
1423 1025 1484 1090 hoe
1509 1031 1545 1091 ut

239 1128 294 1190 aut
319 1123 530 1190 eonfiteantur
554 1124 730 1189 necessario
762 1123 856 1188 etiem
882 1126 1054 1189 seeundum
1085 1145 1210 1188 earnem
1235 1128 1343 1188 netum
1370 1123 1544 1208 spiritalem

239 1221 412 1303 Christum,
442 1225 497 1288 aut
521 1222 727 1306 posteriorem
753 1245 824 1288 eum
850 1243 918 1287 esse
942 1222 1110 1288 dioendum
1131 1223 1170 1288 ab
1192 1223 1304 1289 Adum.
1346 1222 1440 1300 Quod
1460 1224 1544 1290 enim

239 1323 355 1388 dieitur
380 1322 455 1407 quia
480 1327 577 1404 fartos
601 1333 645 1388 est
663 1327 789 1404 primus
814 1332 840 1386 et
860 1326 1019 1401 semendis,
1049 1323 1127 1407 quid
1147 1322 1234 1388 aliud
1254 1324 1397 1408 intellegi
1417 1345 1544 1390 neeesse

240 1428 287 1488 est
312 1422 374 1488 nisi
399 1423 460 1488 hoo
486 1425 573 1507 quod
596 1421 651 1487 ille
676 1423 763 1504 prior
788 1421 842 1502 sit,
868 1426 900 1486 et
924 1421 977 1486 hie
1001 1423 1176 1505 posterior?
1212 1421 1267 1506 (Et
1292 1425 1463 1489 seeundum
1483 1425 1544 1490 hoo

191 1529 224 1584 10
240 1525 325 1606 quod
346 1521 427 1587 false
448 1525 521 1587 sunt
543 1525 574 1587 et
595 1524 681 1606 quod
702 1523 874 1588 seeundum
889 1542 1015 1587 earnem
1036 1521 1235 1596 natiuitatem
1256 1523 1322 1589 eius
1338 1523 1544 1602 abstulerunt,

239 1621 380 1688 inuenies
406 1621 440 1686 in
465 1621 578 1705 spiritu
598 1620 772 1705 posteriore
793 1621 934 1701 homine,
960 1620 1016 1705 qui
1041 1621 1128 1705 prius
1150 1627 1272 1688 oreatus
1295 1627 1354 1699 eet,
1380 1622 1543 1706 confiteri.)

240 1721 302 1787 Sed
324 1725 355 1787 ot
371 1743 505 1800 rursum,
527 1718 698 1786 Corinthiis
719 1720 874 1800 soribens,
895 1720 1057 1804 apostolus
1079 1720 1157 1786 dioit
1178 1722 1253 1806 quie
1273 1725 1368 1802 Deos,
1393 1727 1545 1804 pssidebit

239 1827 273 1886 de
298 1825 422 1886 umbris
448 1825 542 1886 teroem
566 1824 690 1902 folpere,
719 1824 908 1886 inumbravit
931 1825 967 1886 ie
992 1825 1128 1886 eordibus
1152 1824 1262 1884 uestro
1286 1824 1380 1886 teroem
1404 1825 1542 1886 seientes

237 1926 349 2003 plor-iae
369 1926 490 1986 eiusde
505 1943 636 2002 persone
652 1923 772 1986 Christi.
807 1919 885 1997 Quis
907 1939 983 2004 ergo
1006 1925 1054 1985 est
1072 1923 1149 1986 daus
1171 1920 1226 2003 qui
1245 1919 1326 1984 dixit
1346 1923 1384 1985 de
1405 1920 1543 1986 tenebris

190 2025 222 2080 15
238 2019 343 2086 lueem
363 2020 496 2104 fulgere,
528 2017 580 2083 uel
602 2019 653 2084 eui
675 2020 766 2096 dixit,
793 2018 847 2084 uel
872 2022 1012 2104 quando,
1044 2018 1227 2104 diligentius
1249 2021 1457 2103 requiramus,
1489 2025 1544 2085 eut

239 2142 334 2204 quom
356 2122 449 2185 deum
469 2118 630 2202 praedicat
651 2119 827 2203 apostolus,
858 2123 890 2184 et
910 2121 993 2185 unde
1015 2123 1063 2185 est
1082 2118 1151 2196 lux,
1182 2141 1262 2204 quae
1284 2121 1376 2184 datur
1396 2119 1488 2186 nobis
1510 2119 1545 2184 in

237 2241 372 2303 persone
397 2217 523 2286 Christi.
565 2217 600 2283 Si
626 2220 710 2284 enim
734 2221 906 2285 seeundum
931 2219 1055 2284 fabulas
1082 2219 1216 2284 istorum
1243 2218 1345 2284 bonus
1376 2221 1452 2285 deur
1482 2220 1544 2284 hoo

238 2318 327 2400 dixit,
349 2321 472 2385 ostendi
493 2322 619 2403 oportet
640 2319 754 2402 quibus
776 2319 829 2384 uel
850 2321 976 2401 quando
991 2317 1079 2398 dixit,
1101 2322 1133 2382 et
1152 2318 1211 2384 erit
1229 2319 1293 2384 iem
1312 2318 1435 2395 falsum
1458 2322 1543 2402 quod
1594 2395 1598 2404 ,

238 2419 359 2499 dieunt,
385 2418 531 2503 ignotum
553 2441 621 2484 osse
643 2421 736 2484 deum
757 2422 790 2482 et
810 2439 983 2502 numquam
1004 2417 1062 2482 ulli
1088 2417 1251 2502 cognitum
1276 2439 1379 2502 nequo
1404 2422 1543 2484 mentem

187 2519 222 2576 20
238 2517 371 2584 alieuius
393 2517 534 2585 intrasse.
569 2517 604 2583 Si
625 2518 709 2583 enim
729 2517 793 2587 iam
813 2517 900 2601 prius
915 2516 1105 2601 loquebatur
1127 2522 1158 2583 ot
1171 2517 1417 2602 repromittebat,
1439 2539 1543 2602 neque

236 2617 365 2701 ignotus
387 2621 443 2697 ert,
464 2639 574 2702 neque,
594 2621 631 2682 ut
653 2617 769 2696 dieunt,
790 2616 983 2700 temporibus
999 2615 1118 2682 Tiberii
1131 2617 1233 2701 primo
1255 2618 1473 2683 manifestatus
1496 2621 1544 2683 est

237 2716 270 2780 in
285 2715 483 2784 Cefemaiim.
519 2716 639 2794 Quodsi
657 2740 721 2783 non
741 2721 788 2783 ost
802 2715 869 2800 ipse
891 2716 947 2801 qui
968 2715 1048 2780 dixit
1069 2716 1172 2782 luoom
1190 2716 1322 2802 fulgere,
1343 2718 1399 2782 sed
1421 2721 1543 2782 creator

237 2820 291 2895 eet,
313 2820 434 2882 eertum
456 2821 504 2882 est
524 2816 599 2901 quia
620 2820 652 2882 et
671 2838 730 2883 nos
751 2816 851 2899 ipsius
875 2836 983 2882 sumus
1005 2815 1062 2898 qui
1082 2836 1120 2880 ex
1145 2815 1211 2881 eius
1229 2815 1300 2882 luoe
1318 2815 1543 2896 illuminemur,
1565 2834 1568 2844 ’

238 2921 270 2980 et
290 2914 432 2981 Christus
452 2916 552 2999 ipsius
579 2920 626 2981 est
650 2916 684 2980 in
710 2916 800 2981 ouius
825 2936 960 2998 persona
984 2914 1038 2979 uel
1063 2914 1146 2981 feois
1171 2915 1226 2981 lux
1253 2916 1401 2982 creatoris
1428 2916 1543 2981 dieitur

187 3024 221 3081 25
237 3015 443 3099 resplendere.
485 3014 631 3099 Ephesiis
657 3036 785 3099 quoque
811 3014 950 3080 scribens
972 3015 1134 3097 epostolue
1155 3017 1212 3081 ait:
1243 3021 1285 3080 Et
1303 3019 1430 3080 mntem
1451 3037 1542 3080 nten-

323 3179 341 3235 2
362 3197 433 3235 »non
445 3181 501 3234 est«
521 3182 596 3235 steht
607 3180 675 3235 uber
688 3179 736 3234 der
748 3179 828 3247 Zeile,
845 3179 920 3234 wohl
933 3180 974 3233 els
987 3197 1051 3235 vom
1065 3179 1208 3235 Sobreiber
1220 3180 1395 3251 easgelassen
1410 3180 1414 3248 Ι
1431 3179 1449 3236 8
1467 3178 1544 3233 Neoh

241 3262 337 3333 »quid‹
357 3264 431 3318 steht
452 3263 491 3318 im
508 3263 573 3319 Cod.
592 3265 637 3320 ein
655 3263 741 3318 durch
758 3263 936 3318 Auswisoheu
961 3263 1017 3318 und
1034 3263 1219 3320 Aueradieren
1242 3264 1440 3335 belbgotilgtes
1460 3281 1546 3327 »em«,

238 3348 311 3402 wohl
325 3347 438 3414 »enim«,
456 3347 579 3403 dadurob
591 3348 764 3416 entstanden,
784 3349 846 3403 dass
865 3347 913 3402 des
926 3351 1005 3418 Auge
1017 3349 1065 3404 des
1078 3347 1153 3404 Sohr.
1170 3367 1226 3404 von
1245 3349 1327 3419 »quid
1345 3350 1412 3406 oet«
1432 3347 1482 3403 eus
1498 3347 1547 3403 dae

238 3431 450 3502 rorengehende
474 3432 564 3502 »quod
586 3432 674 3487 euim«
699 3431 801 3488 abirrte
825 3435 830 3502 Ι
853 3431 872 3488 9
897 3432 935 3487 Et
952 3434 1103 3488 seeundum
1120 3432 1174 3488 hoo
1191 3434 1253 3503 oet]
1272 3433 1366 3488 Dieser
1383 3434 1447 3487 Sata
1464 3433 1501 3487 ist
1518 3432 1548 3486 in

237 3531 364 3570 anserem
376 3513 442 3574 oea
454 3517 517 3572 sehr
533 3517 695 3574 verdorben.
726 3516 837 3588 Casperi
855 3519 999 3584 vermutet,
1018 3517 1081 3572 dees
1098 3519 1172 3572 naeb
1191 3518 1278 3573 »falsa
1294 3520 1372 3572 sunt«
1386 3517 1483 3572 Worte
1496 3516 1548 3572 wie

241 3616 327 3669 »quae
345 3598 484 3668 dixerunt,
507 3601 628 3656 dubitari
646 3619 702 3657 non
718 3604 824 3673 potest«
850 3600 1021 3673 ausgefellen
1043 3602 1126 3658 soien.
1162 3602 1241 3658 Diese
1259 3602 1406 3672 Gonjootnr
1427 3601 1465 3655 ist
1482 3600 1549 3655 aber

239 3683 317 3738 nieht
334 3683 535 3740 einleuohtend.
565 3685 617 3740 Die
634 3685 862 3757 Beweiefithrung
879 3687 927 3741 des
939 3685 1123 3742 Adamantius
1138 3687 1176 3741 ist
1191 3704 1228 3741 m.
1241 3685 1271 3743 ll.
1290 3686 1432 3757 folgende:
1451 3683 1548 3740 Indem

239 3767 283 3823 dio
300 3767 482 3824 Marcioniten
500 3769 549 3824 dee
566 3769 648 3824 Wort
665 3771 745 3824 Peuli
762 3771 901 3838 salechan,
925 3771 1075 3826 bomerlren
1096 3771 1137 3826 sie
1158 3771 1237 3826 nieht
1263 3771 1324 3826 dass
1347 3771 1386 3825 sie
1408 3767 1549 3825 ontweder

239 3854 283 3909 die
304 3854 435 3910 leibliohe
454 3853 560 3908 Geburt
576 3853 678 3909 Christi
700 3856 887 3924 anerkennen,
915 3855 981 3910 oder
1003 3854 1100 3910 lehren
1123 3860 1232 3910 mdssen
1258 3855 1321 3910 dass
1344 3871 1373 3910 ar
1394 3857 1485 3926 apator
1508 3853 1548 3908 ele

239 3937 329 3992 Adam
347 3938 504 4010 gesoheffen
521 3939 568 3994 sei.
601 3939 644 3993 De
662 3939 701 3994 eie
718 3958 775 3995 nun
793 3940 838 3995 die
855 3939 986 3995 leibliobe
1005 3939 1113 3994 Geburt
1129 3941 1258 4011 langnon,
1277 3957 1306 3995 so
1324 3939 1414 3995 bloibt
1431 3957 1484 3994 nur
1500 3938 1549 3994 der

239 4023 336 4078 aweite
352 4023 412 4078 Teil
431 4023 477 4078 des
489 4023 639 4078 Dilemmes
651 4023 740 4095 dbrig.
766 4023 829 4079 Wie
841 4025 892 4079 hat
904 4025 964 4078 Rus.
978 4024 1027 4079 dee
1040 4025 1247 4095 eusgedrhokt‘?
1277 4025 1325 4080 loh
1342 4023 1408 4078 teile
1419 4022 1548 4095 folgende

240 4107 413 4178 Vermntnng
423 4107 483 4174 mit,
503 4106 547 4161 die
559 4108 701 4164 vielleieht
712 4108 842 4164 Anderen
857 4108 912 4165 den
924 4109 996 4180 Weg
1008 4127 1055 4164 zur
1066 4109 1221 4179 Bessemng
1233 4109 1327 4164 ebnet:
1346 4108 1382 4161 m
1399 4107 1548 4162 seeundum

238 4189 286 4246 boe
303 4192 374 4261 quod
389 4192 570 4260 sabuuereet,
591 4193 699 4262 etquod
716 4194 868 4248 seowrdom
885 4211 997 4250 earnem
1013 4193 1192 4248 natiuitatom
1203 4193 1264 4247 eiua
1276 4193 1454 4260 aestum
1471 4191 1548 4246 inue-

238 4276 299 4330 m'es
312 4275 387 4346 (eos)
400 4277 567 4348 spiritum>
576 4278 788 4347 posteriorem>
802 4279 921 4347 bomine,
940 4280 991 4348 qui
1004 4279 1088 4347 prius
1101 4283 1209 4332 emese
1221 4282 1267 4342 eet,
1279 4277 1414 4346 confite-i.
1438 4274 1551 4347 Gespari

238 4359 371 4429 bemorlxt,
384 4361 447 4416 dass
456 4361 517 4417 suf.
530 4361 672 4418 »confiteri
680 4361 709 4417 in
719 4363 831 4434 spiritu«
846 4367 880 4419 st
891 4363 936 4418 »in
948 4363 1098 4435 spiritum«,
1111 4359 1265 4432 ὁμολογεῖν
1278 4357 1318 4428 εἴς
1330 4381 1395 4418 τινα
1407 4358 1550 4416 sobreiben

238 4445 350 4501 honnte.
380 4445 435 4501 Der
452 4462 539 4516 genae
550 4445 614 4502 Sata
632 4446 703 4503 fehlt
719 4448 757 4502 im
772 4467 812 4518 gr.
824 4447 854 4503 Τ.
872 4449 942 4502 -B
957 4448 962 4515 Ι
979 4446 1015 4503 lh
1035 4446 1087 4516 oui]
1106 4447 1185 4502 Siebt
1195 4447 1234 4501 im
1245 4446 1312 4502 (lod
1325 4463 1374 4501 eus
1386 4444 1438 4500 wie
1453 4443 1526 4498 »eui«
1542 4443 1546 4511 l

239 4529 317 4600 dixit]
337 4530 402 4585 Cod.
415 4531 460 4586 dio
472 4529 567 4602 (dicit),
584 4549 641 4587 was
656 4549 703 4588 aur
714 4531 770 4587 Not
782 4533 886 4603 angoht
901 4532 904 4599 Ι
922 4532 960 4587 lo
979 4530 1059 4600 quea]
1080 4530 1145 4586 Cod.
1157 4530 1203 4586 uel
1221 4547 1274 4600 que
1289 4531 1293 4599 Ι
1310 4529 1349 4587 18
1368 4529 1433 4586 Cod.
1446 4527 1550 4583 falsum

239 4614 303 4682 iem,
321 4614 373 4670 mit
391 4615 440 4671 »b«
459 4615 527 4671 dher
543 4615 644 4671 falsum
662 4615 720 4671 und
739 4633 785 4670 »a«
805 4615 872 4670 dber
891 4615 987 4670 »iem«.
