3744 5528
347 451 404 514 168
899 445 1087 504 Adamantius.
1227 446 1267 502 De
1284 447 1313 502 1ο
1331 447 1387 502 Rue
1405 446 1444 500 IV
1460 447 1643 504 &ss-8491).

317 620 331 674 f
344 608 524 698 χρεόμενος.
560 604 633 680 ἀλλ’
649 605 726 680 ούδέ
741 607 815 698 <τὸ>
830 627 987 699 κρεῖττον
1007 577 1194 698 ἄνθρωπος
1209 605 1387 701 ἠπίστατο,
1409 617 1512 700 μηδὲν
1528 612 1643 699 ἕτερον

346 708 456 792 είδιός,
487 703 560 780 ἀλλ’
587 711 694 780 ἐκεῖνο
720 705 827 799 μόνον
854 715 901 792 είς
926 703 946 779 ό
972 714 1109 796 πέφυκε.
1152 718 1233 801 φημί
1260 717 1444 800 τοιγαροῦν
1469 710 1532 783 τόν
1558 710 1642 783 θεὸν

347 799 439 879 οότω
469 806 532 879 τόν
561 806 753 897 ἄνθρωπον
783 815 917 899 τιμῆσαι
947 807 1217 900 προαιρούμενον
1246 817 1301 882 καὶ
1332 817 1405 882 τῶν
1435 809 1642 900 κρειττόνων

274 923 327 978 849
345 905 554 997 ἐπιστήμονα
580 913 749 995 γενέσθαι,
780 908 844 998 τὴν
874 912 1027 996 ἐξουσίαν
1057 906 1150 999 αύτῷ
1179 917 1241 982 τοῦ
1266 915 1271 998 Ι
1295 909 1459 981 δύνασθαι
1485 927 1595 982 ποιεῖν
1622 907 1642 980 ά

312 1019 328 1072 5
346 1006 502 1092 βούλεται
524 1012 713 1080 δεδωκέναι.

430 1315 550 1379 ΕῩΤΡ.
588 1305 636 1380 Ου’
656 1307 764 1398 μόνον
779 1306 916 1400 ἠλίθιον
929 1329 1049 1392 πεῖσαι,
1072 1305 1158 1381 όλλὰ
1179 1317 1234 1380 καὶ
1249 1307 1399 1400 ἀνόητον
1420 1305 1643 1397 άντιτυπῆσαι

345 1406 508 1479 δύνανται
534 1409 567 1479 οί
593 1415 655 1481 τοῦ
681 1405 878 1497 όρδοτάτου
906 1407 1073 1498 δόγματος
1099 1409 1203 1500 λόγοι.
1246 1409 1380 1481 ἄτοπον
1410 1408 1473 1499 γὰρ
1503 1404 1644 1498 ἡγοῦμαι

346 1506 517 1591 τοιούτοις
538 1511 814 1596 ἐνδιατρίβοντας
836 1512 881 1591 είς
901 1515 1007 1599 μῆκος
1021 1513 1181 1581 ἐκτείνειν
1197 1508 1260 1580 τὸν
1277 1505 1391 1598 λόγον,
1414 1505 1644 1597 ἀποχρώντως

346 1611 577 1693 ἐπιδείξαντος
598 1604 676 1698 ἡμῖν
698 1605 893 1698 τοῦλόγου.
928 1616 984 1680 καί
1006 1637 1062 1698 μοι
1079 1615 1172 1681 δοκεῖ
1191 1615 1245 1680 ἐπὶ
1268 1616 1448 1698 τεκμηρίου
1469 1615 1581 1692 λαβεῖν
1603 1607 1643 1678 τό

295 1720 329 1775 10
346 1715 569 1796 προκείμενον
594 1704 841 1798 ύποδείγματος
867 1706 977 1798 χάριν·
1008 1705 1178 1795 ἀπεικάζω
1209 1709 1271 1798 γὰρ
1301 1708 1366 1797 τὴν
1395 1704 1560 1796 ἀλήθειαν
1589 1715 1644 1777 καὶ

345 1805 387 1877 τὸ
419 1813 479 1896 τῆς
508 1805 663 1878 καθόλου
692 1810 866 1896 ἐκκλησίας
901 1804 1006 1897 δόγμα
1039 1815 1094 1878 καὶ
1125 1809 1188 1880 τόν
1218 1806 1343 1896 ταύτης
1372 1803 1644 1896 ύπερασπίζοντα

344 1902 500 1994 καθάπερ
526 1903 639 1995 πηγήν
665 1937 743 1978 τινα
769 1905 893 1979 ἀέναον
921 1904 1137 1996 ύπάρχουσαν
1163 1903 1237 1998 ἥτις
1264 1911 1388 1996 γέγηδέ
1408 1935 1445 1978 τε
1466 1913 1522 1977 καί
1544 1899 1642 1992 αύξει,

345 1999 506 2094 ὀχετηγὸς
528 2013 702 2095 γενομένη·
728 2015 784 2078 καὶ
806 2001 875 2097 όσῳ
899 2011 952 2078 ἐπὶ
978 2017 1099 2078 πλεῖον
1120 2011 1152 2078 οί
1178 2015 1255 2095 περὶ
1278 2012 1459 2094 Δροσέριον
1482 2001 1644 2095 ἀρύονται

308 2119 328 2174 b
346 2100 529 2194 όπολήγειν
543 2104 674 2194 ταύτην
688 2104 992 2196 προσδοκήσαντες,
1016 2105 1171 2195 τοσούτῳ
1189 2115 1350 2188 πλείονας
1372 2100 1517 2193 ὄμβρους
1537 2117 1643 2193 πλημ-

295 2226 328 2279 15
345 2201 446 2292 μύρει.
489 2197 574 2276 ὅθεν
604 2213 718 2288 καλῶς
747 2207 834 2294 ἔχειν
868 2211 961 2277 δοκεῖ
989 2211 1170 2293 Δροσέριον
1203 2212 1264 2294 μὲν
1293 2213 1349 2276 καὶ
1381 2201 1555 2277 Ούόλεντα
1583 2210 1644 2294 τῆς

345 2311 548 2392 κακομαχίας
579 2301 774 2394 ἀναχωρεῖν.
817 2314 969 2396 Μαρίνος
999 2308 1048 2389 δέ,
1080 2310 1108 2376 εί
1136 2303 1309 2390 βούλοιτο,
1340 2302 1402 2388 τὰς
1431 2303 1554 2388 λοιπὰς
1584 2303 1642 2374 δύο

345 2401 526 2493 προτάσεις
546 2400 753 2494 ύπεξαγέτω·
784 2411 910 2478 λείπειν
932 2405 995 2494 γὰρ
1017 2411 1110 2476 δοκεῖ
1138 2411 1188 2494 τῷ
1216 2399 1288 2496 όρῳ
1314 2411 1365 2494 τῷ
1390 2399 1446 2476 ὕπ’
1472 2400 1567 2494 αύτῷ
1594 2408 1643 2476 ἐκ·

347 2509 491 2574 τεθέντι.

428 2710 531 2773 ΜΑΡ.
574 2711 654 2792 Περὶ
676 2711 738 2776 τοῦ
760 2711 911 2793 Χριστοῦ
931 2709 1102 2776 πυθέσθαι
1123 2702 1286 2793 βούλομαι
1308 2709 1344 2788 εί,
1368 2702 1416 2786 ὥς
1437 2731 1522 2791 φατε
1544 2701 1643 2794 ύμεῖς,

293 2821 328 2878 20
345 2800 452 2892 σάρκα
482 2800 585 2888 αύτός
612 2801 793 2892 ἀνείληφεν
819 2809 856 2876 ἐκ
885 2811 946 2893 τῆς
977 2801 1137 2894 ἡμετέρας
1167 2800 1391 2886 ὑποστάσεως.
1432 2811 1559 2891 νομίζω
1590 2796 1644 2874 ότι

344 2900 436 2974 πάνυ
460 2900 693 2977 ἀτοπώτατον
718 2909 824 2977 τοῦτο
852 2911 894 2991 τη”
917 2900 1074 2992 ἀχράντφ
1101 2900 1197 2994 οὐσίᾳ
1222 2900 1445 2994 προσάπτειν,
1472 2902 1585 2986 ἄλλως
1609 2907 1644 2973 δὲ

342 3009 400 3074 καὶ
423 3005 455 3074 αἱ
478 3009 602 3093 γραφαὶ
624 2999 787 3092 ούρόνιον
808 2999 914 3074 αύτόν
937 3028 1018 3089 φασι
1040 2999 1146 3092 σάρκα
1168 3000 1390 3093 ἀνειληφέναι

365 3211 371 3224 ·
429 3175 444 3230 1
462 3173 496 3229 τὸ
513 3174 607 3239 noth„
625 3185 658 3235 <
677 3176 702 3229 d.
719 3175 791 3230 Hss.
811 3178 815 3242 Ι
838 3176 856 3231 2
875 3175 1000 3246 πέφυκεν
1017 3169 1091 3231 εἶναι
1108 3175 1193 3228 Μείίι.
1213 3175 1217 3242 Ι
1238 3174 1303 3246 2,3
1325 3171 1428 3239 ὁδεδς
1450 3192 1476 3228 u.
1494 3169 1644 3246 προαιρού-

341 3277 430 3328 μενος
447 3259 539 3325 mm,
559 3257 609 3314 τὸν
626 3257 697 3314 θεὸν
714 3277 740 3314 υ.
759 3259 988 3333 προαιρούμενον
1006 3259 1030 3315 d.
1044 3260 1111 3327 σοι,
1130 3261 1156 3314 d.
1169 3263 1272 3330 Ausgg.
1285 3258 1507 3330 interpungieron
1523 3263 1645 3326 τιμῆσαι,

344 3359 457 3415 προαιρ.
477 3346 481 3411 Ι
501 3343 521 3400 4
542 3344 672 3414 γίνεσθαι
693 3346 778 3399 Meth.
799 3348 803 3409 Ι
822 3353 914 3400 ποιεῖν
933 3345 1028 3408 Meth..
1046 3346 1174 3413 ποιήσειν
1192 3344 1218 3398 d.
1236 3344 1307 3398 Hss.
1327 3343 1332 3412 Ι
1350 3344 1367 3399 ίί
1384 3340 1535 3398 δεδωκέναι
1551 3341 1645 3408 Meth„

342 3427 462 3483 δέδωκεν
475 3429 501 3482 d.
513 3429 583 3482 HSS.
600 3430 603 3496 Ι
619 3431 638 3486 β
650 3425 783 3503 ἀνοιΙιῳί
798 3432 802 3498 Ι
816 3430 904 3486 6-Ῑὸ
925 3427 963 3485 Οὐ
975 3459 1008 3469 -
1020 3427 1179 3502 πλημμίρει
1191 3428 1299 3482 seheint
1310 3428 1362 3482 mir
1373 3445 1437 3482 vom
1449 3427 1524 3481 Verf.
1537 3427 1644 3481 anderu·

343 3514 438 3567 woher
459 3517 635 3569 entnommen
657 3531 690 3567 zu
712 3514 779 3569 sein.
814 3513 892 3569 Viele
910 3514 1019 3578 Wortffi
1043 3513 1088 3569 die
1110 3532 1161 3568 uns
1182 3513 1241 3568 hier
1260 3513 1416 3583 begngmm,
1439 3511 1501 3566 sind
1517 3509 1556 3564 im
1574 3510 1645 3565 Dial.

342 3591 422 3663 όίπαξ
432 3597 581 3668 λεγόμενα,
601 3615 623 3652 z.
637 3598 667 3652 B.
681 3595 792 3664 ἀέναος,
806 3598 910 3670 γέγηθε
917 3599 959 3668 (λ),
977 3593 1064 3665 αύξει,
1082 3595 1226 3670 ἀρύονται,
1239 3594 1401 3667 ἀπολέγειν,
1420 3589 1546 3668 ὄμβρους
1557 3600 1645 3664 πλημ-

342 3680 435 3754 μύρει.
470 3683 508 3737 Zu
525 3681 580 3737 viel
598 3683 663 3736 διαί
677 3701 743 3738 man
760 3683 859 3738 damus
876 3684 954 3738 nicht
976 3683 1136 3751 schliessen,
1159 3683 1232 3736 deun
1255 3683 1303 3737 der
1319 3680 1394 3735 Verf.
1411 3682 1489 3735 hatte
1506 3680 1647 3736 vielleiehss

343 3766 427 3822 keine
437 3767 650 3838 Ιίετεοίεεειιος,
670 3768 709 3822 sie
727 3768 868 3824 underswo
886 3786 920 3822 zu
936 3769 1119 3839 ςελιεεοοίιεο,
1138 3768 1204 3822 aber
1221 3767 1293 3820 doeh
1310 3765 1382 3820 siehb
1395 3764 1566 3834 jedermann,
1584 3764 1646 3818 δοεε

342 3850 419 3905 diosa
435 3851 672 3922 metaphorischen
689 3853 848 3908 Ausdrfloke
866 3869 955 3923 gagen
977 3853 1022 3907 die
1044 3851 1178 3906 schlichte
1193 3849 1312 3921 Spraohe
1334 3849 1478 3905 desselben
1493 3848 1567 3904 Veri
1585 3849 1648 3903 sehr

342 3936 504 4003 abstechen,
536 3937 592 4007 vgl.
619 3938 704 4006 Jahn,
736 3937 820 3994 Meth.
839 3939 864 3992 11
886 3938 912 3992 S.
932 3938 989 4004 126,
1009 3939 1057 3994 127
1079 3940 1158 3991 Anm.
1178 3939 1234 3990 717.
1270 3936 1302 3989 In
1330 3935 1383 3990 deu
1408 3951 1460 3989 uns
1488 3933 1647 3990 bekannten

342 4021 480 4077 Schriften
497 4023 544 4077 des
557 4021 641 4077 Meth.
654 4023 756 4078 unchen
768 4023 819 4077 wir
835 4023 875 4077 sie
888 4022 991 4092 jedoch
1010 4015 1160 4092 vbrgebens
1175 4021 1179 4088 Ι
1194 4021 1264 4086 θΙΙθ
1282 4016 1329 4074 ἐπί
1345 4020 1499 4092 τεκμηρίου
1510 4048 1544 4059 -
1553 4017 1645 4092 χάριν]

343 4106 398 4162 Dor
416 4108 483 4162 Sinn
501 4107 590 4162 dieser
607 4107 702 4163 Worte
719 4107 756 4162 ist
773 4107 825 4162 mir
841 4107 920 4162 nieht
936 4107 1005 4162 ldar.
1043 4107 1099 4160 »Ac
1121 4106 1195 4160 ιιιίίιί
1213 4106 1315 4174 placet,
1338 4104 1457 4173 επειιιμίί
1470 4103 1576 4172 μνοίίο,
1597 4103 1646 4170 fir·

341 4193 471 4246 missimo
493 4193 611 4261 ωειιιμίσ
632 4210 690 4246 νοω
712 4193 743 4247 δε
761 4211 816 4262 qua
839 4193 933 4261 αρίῖυι·
956 4192 1135 4260 confirmare«
1157 4191 1226 4256 Pie„
1249 4190 1310 4244 stuf.
1332 4189 1472 4244 fibersetzt
1493 4205 1521 4242 οε
1544 4187 1646 4256 nicht!

346 4275 385 4331 1⁰
404 4273 564 4346 ἀπεικάζων
577 4279 651 4332 ΑΒΗ
667 4281 671 4346 Ι
688 4277 726 4335 12
745 4275 850 4334 ἀέναον
862 4277 940 4344 BDF,
958 4273 1081 4333 ἀένναον
1095 4276 1177 4342 AGH,
1195 4271 1334 4331 ἀέννατον
1347 4274 1373 4328 d.
1385 4273 1445 4328 δότ.
1460 4275 1464 4342 Ι
1481 4274 1519 4330 12
1532 4272 1646 4344 γέγηθε]

343 4363 466 4430 umet?
482 4365 485 4431 Ι
504 4363 540 4418 18
559 4361 693 4433 γινομένη
711 4361 825 4429 ΑΒΕΗΙ
842 4357 900 4418 ὅσω
919 4361 1049 4426 ABFGH,
1067 4354 1121 4416 ὅσα
1140 4360 1166 4414 d.
1184 4359 1243 4413 δίεν.
1259 4361 1263 4428 Ι
1280 4359 1316 4416 14
1332 4362 1497 4430 πλημμυρεῖ
1511 4358 1537 4412 d.
1554 4357 1625 4412 Hss.
1642 4357 1646 4424 Ι

346 4447 385 4502 19
402 4447 456 4501 Μίί
472 4449 538 4517 περὶ
554 4455 606 4503 τοῦ
623 4449 676 4518 Χρ.
694 4447 775 4517 fflngt
793 4445 837 4502 boi
854 4445 934 4500 Pinus
951 4445 1009 4500 und
1024 4443 1185 4500 Humfn'dus
1203 4445 1247 4499 ein
1270 4461 1353 4499 neuer
1370 4443 1430 4498 Teil
1448 4443 1495 4498 des
1513 4441 1585 4497 Dial.
1603 4459 1646 4496 an.

345 4531 394 4586 Boi
406 4531 486 4588 Picus
497 4535 547 4588 hat
558 4550 587 4587 ει
599 4531 643 4587 δίε
655 4521 836 4586 Ubersohrist:
855 4531 886 4584 de
897 4530 1090 4584 incantatione
1106 4529 1218 4584 Christi.
1249 4527 1349 4584 ΟοὰΕ
1366 4529 1417 4583 λιιιίι
1435 4528 1479 4583 die
1491 4515 1646 4582 Ubersehr.:

340 4611 414 4672 ἀλλο
426 4611 516 4674 ἄθεον
528 4617 620 4688 δόγμα
634 4618 767 4688 Μαρίνου
782 4618 786 4684 Ι
802 4616 842 4671 20
860 4613 947 4670 αὐτὸν
958 4614 1032 4669 ΑΗΕ
1048 4616 1052 4684 Ι
1068 4611 1249 4684 ἀνειληφέναι
1260 4613 1321 4666 AB¹
1336 4613 1341 4682 Ι
1356 4613 1463 4681 νομίζω
1476 4609 1516 4678 ὼς
1532 4609 1606 4667 πάνυ
1618 4611 1647 4666 F.
