<?xml version="1.0" encoding="UTF-8"?>
<!DOCTYPE html PUBLIC "-//W3C//DTD XHTML 1.0 Transitional//EN"
    "http://www.w3.org/TR/xhtml1/DTD/xhtml1-transitional.dtd">
<html xmlns="http://www.w3.org/1999/xhtml" xml:lang="en" lang="en">
 <head>
  <title>
</title>
<meta http-equiv="Content-Type" content="text/html;charset=utf-8" />
  <meta name='ocr-system' content='tesseract 3.04.00' />
  <meta name='ocr-capabilities' content='ocr_page ocr_carea ocr_par ocr_line ocrx_word'/>
</head>
<body>
  <div class='ocr_page' id='page_1' title='image "./diegriechischen03religoog_0272.png"; bbox 0 0 3744 5528; ppageno 0'>
   <div class='ocr_carea' id='block_1_1' title="bbox 363 474 1666 548">
    <p class='ocr_par' dir='ltr' id='par_1_1' title="bbox 363 474 1666 548">
     <span class='ocr_line' id='line_1_1' title="bbox 363 474 1666 548; baseline -0.019 7"><span class='ocrx_word' id='word_1_1' title='bbox 363 486 420 548; x_wconf 83' lang='lat'><strong><em>154</em></strong></span> <span class='ocrx_word' id='word_1_2' title='bbox 916 475 1105 532; x_wconf 63' lang='lat' dir='ltr'><strong>Adamanfius·</strong></span> <span class='ocrx_word' id='word_1_3' title='bbox 1219 483 1222 488; x_wconf 82' lang='lat'>&#39;</span> <span class='ocrx_word' id='word_1_4' title='bbox 1295 475 1336 530; x_wconf 86' lang='lat' dir='ltr'><strong><em>De</em></strong></span> <span class='ocrx_word' id='word_1_5' title='bbox 1352 476 1382 530; x_wconf 78' lang='lat' dir='ltr'><strong><em>la</em></strong></span> <span class='ocrx_word' id='word_1_6' title='bbox 1398 474 1458 530; x_wconf 84' lang='lat' dir='ltr'><strong><em>Rue</em></strong></span> <span class='ocrx_word' id='word_1_7' title='bbox 1474 474 1514 529; x_wconf 88' lang='lat' dir='ltr'><strong><em>IV</em></strong></span> <span class='ocrx_word' id='word_1_8' title='bbox 1530 475 1666 532; x_wconf 71' lang='grc' dir='ltr'><strong><em>845α-ο.</em></strong></span> 
     </span>
    </p>
   </div>
   <div class='ocr_carea' id='block_1_2' title="bbox 302 635 1664 1328">
    <p class='ocr_par' dir='ltr' id='par_1_2' title="bbox 302 635 1664 1328">
     <span class='ocr_line' id='line_1_2' title="bbox 443 635 1664 730; baseline -0.001 -18"><span class='ocrx_word' id='word_1_9' title='bbox 443 649 564 712; x_wconf 74' lang='grc' dir='ltr'><em>ΕῩΤΡ.</em></span> <span class='ocrx_word' id='word_1_10' title='bbox 609 637 739 730; x_wconf 84' lang='grc' dir='ltr'><strong><em>Οὐάλης</em></strong></span> <span class='ocrx_word' id='word_1_11' title='bbox 764 649 856 730; x_wconf 88' lang='grc' dir='ltr'><strong><em>μέχρι</em></strong></span> <span class='ocrx_word' id='word_1_12' title='bbox 883 635 988 728; x_wconf 81' lang='grc' dir='ltr'><strong><em>λόγου</em></strong></span> <span class='ocrx_word' id='word_1_13' title='bbox 1014 636 1122 728; x_wconf 93' lang='grc' dir='ltr'><strong><em>μόνον</em></strong></span> <span class='ocrx_word' id='word_1_14' title='bbox 1148 636 1351 728; x_wconf 82' lang='grc' dir='ltr'><strong><em>όημιουρχόν</em></strong></span> <span class='ocrx_word' id='word_1_15' title='bbox 1373 636 1532 723; x_wconf 80' lang='grc' dir='ltr'><strong><em>βούλεται</em></strong></span> <span class='ocrx_word' id='word_1_16' title='bbox 1553 647 1664 728; x_wconf 77' lang='grc' dir='ltr'><strong><em>λέγειν</em></strong></span> 
     </span>
     <span class='ocr_line' id='line_1_3' title="bbox 362 737 538 813; baseline 0.023 -4"><span class='ocrx_word' id='word_1_17' title='bbox 362 737 424 810; x_wconf 88' lang='grc' dir='ltr'><strong><em>τόν</em></strong></span> <span class='ocrx_word' id='word_1_18' title='bbox 445 740 538 813; x_wconf 88' lang='grc' dir='ltr'><strong><em>θεόν.</em></strong></span> 
     </span>
     <span class='ocr_line' id='line_1_4' title="bbox 445 847 1319 926; baseline -0.007 -16"><span class='ocrx_word' id='word_1_19' title='bbox 445 847 573 911; x_wconf 69' lang='lat' dir='ltr'><strong><em>om.</em></strong></span> <span class='ocrx_word' id='word_1_20' title='bbox 613 847 708 926; x_wconf 64' lang='grc' dir='ltr'><strong><em>σος·</em></strong></span> <span class='ocrx_word' id='word_1_21' title='bbox 1315 897 1319 904; x_wconf 87' lang='grc'><strong><em>,</em></strong></span> 
     </span>
     <span class='ocr_line' id='line_1_5' title="bbox 444 931 1661 1030; baseline -0.001 -21"><span class='ocrx_word' id='word_1_22' title='bbox 444 947 565 1011; x_wconf 75' lang='grc' dir='ltr'><strong><em>ΕῩΤΡ.</em></strong></span> <span class='ocrx_word' id='word_1_23' title='bbox 602 939 672 1030; x_wconf 80' lang='grc' dir='ltr'><strong><em>Φὴς</em></strong></span> <span class='ocrx_word' id='word_1_24' title='bbox 693 940 759 1029; x_wconf 90' lang='grc' dir='ltr'><strong><em>τὴν</em></strong></span> <span class='ocrx_word' id='word_1_25' title='bbox 780 931 872 1028; x_wconf 81' lang='grc' dir='ltr'><strong><em>όλην</em></strong></span> <span class='ocrx_word' id='word_1_26' title='bbox 885 935 1108 1027; x_wconf 76' lang='grc' dir='ltr'><strong><em>συνυπάρχειν</em></strong></span> <span class='ocrx_word' id='word_1_27' title='bbox 1129 945 1180 1027; x_wconf 84' lang='grc' dir='ltr'><strong><em>τῷ</em></strong></span> <span class='ocrx_word' id='word_1_28' title='bbox 1195 943 1279 1027; x_wconf 80' lang='grc' dir='ltr'><strong><em>θεῷ,</em></strong></span> <span class='ocrx_word' id='word_1_29' title='bbox 1302 935 1528 1027; x_wconf 79' lang='grc' dir='ltr'><strong><em>συνυπάρχειν</em></strong></span> <span class='ocrx_word' id='word_1_30' title='bbox 1550 945 1586 1010; x_wconf 78' lang='grc' dir='ltr'><strong><em>δὲ</em></strong></span> <span class='ocrx_word' id='word_1_31' title='bbox 1606 945 1661 1010; x_wconf 86' lang='grc' dir='ltr'><strong><em>καί</em></strong></span> 
     </span>
     <span class='ocr_line' id='line_1_6' title="bbox 327 1033 1660 1129; baseline -0.002 -16"><span class='ocrx_word' id='word_1_32' title='bbox 327 1062 343 1114; x_wconf 82' lang='grc'>5</span> <span class='ocrx_word' id='word_1_33' title='bbox 361 1038 424 1122; x_wconf 80' lang='grc' dir='ltr'><strong><em>τὰς</em></strong></span> <span class='ocrx_word' id='word_1_34' title='bbox 436 1036 632 1129; x_wconf 81' lang='grc' dir='ltr'><strong><em>ποιότητας.</em></strong></span> <span class='ocrx_word' id='word_1_35' title='bbox 668 1045 696 1111; x_wconf 87' lang='grc' dir='ltr'><strong><em>εί</em></strong></span> <span class='ocrx_word' id='word_1_36' title='bbox 710 1045 929 1128; x_wconf 80' lang='grc' dir='ltr'><strong><em>προυπῆρχεν</em></strong></span> <span class='ocrx_word' id='word_1_37' title='bbox 944 1034 965 1127; x_wconf 83' lang='grc' dir='ltr'><em>ἦ</em></span> <span class='ocrx_word' id='word_1_38' title='bbox 982 1033 1054 1127; x_wconf 85' lang='grc' dir='ltr'><strong><em>όλη,</em></strong></span> <span class='ocrx_word' id='word_1_39' title='bbox 1071 1042 1284 1126; x_wconf 83' lang='grc' dir='ltr'><strong><em>συνυπῆρχον</em></strong></span> <span class='ocrx_word' id='word_1_40' title='bbox 1299 1043 1335 1108; x_wconf 78' lang='grc' dir='ltr'><strong><em>όὲ</em></strong></span> <span class='ocrx_word' id='word_1_41' title='bbox 1348 1044 1405 1109; x_wconf 89' lang='grc' dir='ltr'><strong><em>καί</em></strong></span> <span class='ocrx_word' id='word_1_42' title='bbox 1420 1041 1454 1108; x_wconf 88' lang='grc' dir='ltr'><strong><em>αί</em></strong></span> <span class='ocrx_word' id='word_1_43' title='bbox 1468 1035 1660 1128; x_wconf 81' lang='grc' dir='ltr'><strong><em>ποιότητες,</em></strong></span> 
     </span>
     <span class='ocr_line' id='line_1_7' title="bbox 361 1133 1662 1228; baseline -0.001 -18"><span class='ocrx_word' id='word_1_44' title='bbox 361 1137 521 1228; x_wconf 88' lang='grc' dir='ltr'><strong><em>περισσόν</em></strong></span> <span class='ocrx_word' id='word_1_45' title='bbox 536 1138 577 1211; x_wconf 89' lang='grc' dir='ltr'><strong><em>τὸ</em></strong></span> <span class='ocrx_word' id='word_1_46' title='bbox 593 1144 703 1228; x_wconf 80' lang='grc' dir='ltr'><strong><em>λέγειν</em></strong></span> <span class='ocrx_word' id='word_1_47' title='bbox 718 1135 920 1227; x_wconf 86' lang='grc' dir='ltr'><strong><em>όημωυρχόν</em></strong></span> <span class='ocrx_word' id='word_1_48' title='bbox 935 1136 998 1209; x_wconf 87' lang='grc' dir='ltr'><strong><em>τὸν</em></strong></span> <span class='ocrx_word' id='word_1_49' title='bbox 1014 1135 1109 1222; x_wconf 88' lang='grc' dir='ltr'><strong><em>θεόν,</em></strong></span> <span class='ocrx_word' id='word_1_50' title='bbox 1132 1144 1187 1206; x_wconf 88' lang='grc' dir='ltr'><strong><em>καί</em></strong></span> <span class='ocrx_word' id='word_1_51' title='bbox 1203 1133 1421 1227; x_wconf 74' lang='grc' dir='ltr'><strong><em>εὑρεθήσεται</em></strong></span> <span class='ocrx_word' id='word_1_52' title='bbox 1437 1133 1662 1219; x_wconf 78' lang='grc' dir='ltr'><strong><em>Οὐαλεντίνος</em></strong></span> 
     </span>
     <span class='ocr_line' id='line_1_8' title="bbox 302 1232 1329 1328; baseline -0.002 -20"><span class='ocrx_word' id='word_1_53' title='bbox 302 1269 304 1274; x_wconf 68' lang='grc'>’</span> <span class='ocrx_word' id='word_1_54' title='bbox 359 1245 473 1321; x_wconf 83' lang='grc' dir='ltr'><strong><em>κακῶς</em></strong></span> <span class='ocrx_word' id='word_1_55' title='bbox 494 1233 692 1327; x_wconf 78' lang='grc' dir='ltr'><strong><em>ὁρισάμενος</em></strong></span> <span class='ocrx_word' id='word_1_56' title='bbox 713 1234 735 1328; x_wconf 75' lang='grc' dir='ltr'><strong><em>ἢ</em></strong></span> <span class='ocrx_word' id='word_1_57' title='bbox 759 1234 901 1326; x_wconf 85' lang='grc' dir='ltr'><strong><em>Οὐάλης,</em></strong></span> <span class='ocrx_word' id='word_1_58' title='bbox 923 1242 1112 1327; x_wconf 76' lang='grc' dir='ltr'><strong><em>μᾶλλονδὲ</em></strong></span> <span class='ocrx_word' id='word_1_59' title='bbox 1135 1232 1329 1327; x_wconf 80' lang='grc' dir='ltr'><strong><em>ἀμφότεροι.</em></strong></span> 
     </span>
    </p>
   </div>
   <div class='ocr_carea' id='block_1_3' title="bbox 308 1466 1666 3155">
    <p class='ocr_par' dir='ltr' id='par_1_3' title="bbox 442 1466 1326 1563">
     <span class='ocr_line' id='line_1_9' title="bbox 442 1466 1326 1563; baseline -0.003 -22"><span class='ocrx_word' id='word_1_60' title='bbox 442 1478 510 1543; x_wconf 86' lang='grc' dir='ltr'><strong><em>ΑΔ.</em></strong></span> <span class='ocrx_word' id='word_1_61' title='bbox 552 1477 685 1563; x_wconf 79' lang='grc' dir='ltr'><strong><em>Βραχέα</em></strong></span> <span class='ocrx_word' id='word_1_62' title='bbox 705 1476 891 1561; x_wconf 79' lang='grc' dir='ltr'><strong><em>ἐρωτηθείς</em></strong></span> <span class='ocrx_word' id='word_1_63' title='bbox 912 1466 1158 1560; x_wconf 84' lang='grc' dir='ltr'><strong><em>άπακρινάσθω</em></strong></span> <span class='ocrx_word' id='word_1_64' title='bbox 1184 1466 1326 1559; x_wconf 87' lang='grc' dir='ltr'><strong><em>Οὐάλης.</em></strong></span> 
     </span>
    </p>

    <p class='ocr_par' dir='ltr' id='par_1_4' title="bbox 321 1578 708 1660">
     <span class='ocr_line' id='line_1_10' title="bbox 321 1578 708 1660; baseline -0.008 -16"><span class='ocrx_word' id='word_1_65' title='bbox 321 1590 341 1644; x_wconf 90' lang='lat' dir='ltr'>b</span> <span class='ocrx_word' id='word_1_66' title='bbox 446 1578 574 1642; x_wconf 76' lang='grc' dir='ltr'><em>ΟΥΑΛ.</em></span> <span class='ocrx_word' id='word_1_67' title='bbox 616 1579 708 1660; x_wconf 81' lang='grc' dir='ltr'><strong><em>Λέγε.</em></strong></span> 
     </span>
    </p>

    <p class='ocr_par' dir='ltr' id='par_1_5' title="bbox 310 1662 1663 2059">
     <span class='ocr_line' id='line_1_11' title="bbox 310 1662 1662 1760; baseline 0.001 -21"><span class='ocrx_word' id='word_1_68' title='bbox 310 1685 343 1740; x_wconf 88' lang='grc'><strong><em>10</em></strong></span> <span class='ocrx_word' id='word_1_69' title='bbox 443 1677 509 1741; x_wconf 88' lang='grc' dir='ltr'><strong><em>ΑΔ.</em></strong></span> <span class='ocrx_word' id='word_1_70' title='bbox 556 1679 635 1742; x_wconf 87' lang='grc' dir='ltr'><strong><em>Τίνα</em></strong></span> <span class='ocrx_word' id='word_1_71' title='bbox 662 1667 796 1760; x_wconf 87' lang='grc' dir='ltr'><strong><em>τρόπον</em></strong></span> <span class='ocrx_word' id='word_1_72' title='bbox 822 1667 1025 1760; x_wconf 79' lang='grc' dir='ltr'><strong><em>δημιουργόν</em></strong></span> <span class='ocrx_word' id='word_1_73' title='bbox 1047 1668 1113 1759; x_wconf 78' lang='grc' dir='ltr'><strong><em>φὴς</em></strong></span> <span class='ocrx_word' id='word_1_74' title='bbox 1139 1667 1204 1740; x_wconf 87' lang='grc' dir='ltr'><strong><em>τόν</em></strong></span> <span class='ocrx_word' id='word_1_75' title='bbox 1224 1667 1323 1753; x_wconf 87' lang='grc' dir='ltr'><strong><em>θεόν;</em></strong></span> <span class='ocrx_word' id='word_1_76' title='bbox 1353 1664 1504 1757; x_wconf 90' lang='grc' dir='ltr'><strong><em>πότερον</em></strong></span> <span class='ocrx_word' id='word_1_77' title='bbox 1525 1662 1579 1740; x_wconf 86' lang='grc' dir='ltr'><strong><em>ότι</em></strong></span> <span class='ocrx_word' id='word_1_78' title='bbox 1601 1667 1662 1751; x_wconf 83' lang='grc' dir='ltr'><strong><em>τάς</em></strong></span> 
     </span>
     <span class='ocr_line' id='line_1_12' title="bbox 360 1761 1662 1859; baseline -0.001 -18"><span class='ocrx_word' id='word_1_79' title='bbox 360 1766 475 1853; x_wconf 89' lang='grc' dir='ltr'><strong><em>οὐσίας</em></strong></span> <span class='ocrx_word' id='word_1_80' title='bbox 498 1774 638 1858; x_wconf 79' lang='grc' dir='ltr'><strong><em>ἔτρεψεν</em></strong></span> <span class='ocrx_word' id='word_1_81' title='bbox 660 1776 708 1853; x_wconf 88' lang='grc' dir='ltr'><strong><em>είς</em></strong></span> <span class='ocrx_word' id='word_1_82' title='bbox 730 1768 770 1841; x_wconf 87' lang='grc' dir='ltr'><strong><em>τό</em></strong></span> <span class='ocrx_word' id='word_1_83' title='bbox 791 1775 909 1859; x_wconf 79' lang='grc' dir='ltr'><strong><em>μηκέτι</em></strong></span> <span class='ocrx_word' id='word_1_84' title='bbox 931 1765 1090 1858; x_wconf 85' lang='grc' dir='ltr'><strong><em>ὐπάρχειν</em></strong></span> <span class='ocrx_word' id='word_1_85' title='bbox 1113 1763 1196 1858; x_wconf 82' lang='grc' dir='ltr'><strong><em>ὅπερ</em></strong></span> <span class='ocrx_word' id='word_1_86' title='bbox 1218 1761 1303 1858; x_wconf 81' lang='grc' dir='ltr'><strong><em>ἦσάν</em></strong></span> <span class='ocrx_word' id='word_1_87' title='bbox 1324 1795 1423 1853; x_wconf 88' lang='grc' dir='ltr'><strong><em>ποτε,</em></strong></span> <span class='ocrx_word' id='word_1_88' title='bbox 1451 1763 1524 1841; x_wconf 74' lang='grc' dir='ltr'><strong><em>ἀλλ’</em></strong></span> <span class='ocrx_word' id='word_1_89' title='bbox 1546 1768 1662 1858; x_wconf 76' lang='grc' dir='ltr'><strong><em>ἑτέρας</em></strong></span> 
     </span>
     <span class='ocr_line' id='line_1_13' title="bbox 359 1862 1663 1959; baseline -0.003 -18"><span class='ocrx_word' id='word_1_90' title='bbox 359 1868 450 1959; x_wconf 84' lang='grc' dir='ltr'><strong><em>παρὰ</em></strong></span> <span class='ocrx_word' id='word_1_91' title='bbox 473 1868 599 1953; x_wconf 84' lang='grc' dir='ltr'><strong><em>ταύτας</em></strong></span> <span class='ocrx_word' id='word_1_92' title='bbox 620 1875 786 1959; x_wconf 83' lang='grc' dir='ltr'><strong><em>γενέσθαι,</em></strong></span> <span class='ocrx_word' id='word_1_93' title='bbox 809 1863 830 1957; x_wconf 83' lang='grc' dir='ltr'><strong><em>ἢ</em></strong></span> <span class='ocrx_word' id='word_1_94' title='bbox 853 1862 907 1940; x_wconf 85' lang='grc' dir='ltr'><strong><em>ότι</em></strong></span> <span class='ocrx_word' id='word_1_95' title='bbox 928 1866 990 1951; x_wconf 84' lang='grc' dir='ltr'><strong><em>τὰς</em></strong></span> <span class='ocrx_word' id='word_1_96' title='bbox 1012 1875 1073 1958; x_wconf 82' lang='grc' dir='ltr'><strong><em>μὲν</em></strong></span> <span class='ocrx_word' id='word_1_97' title='bbox 1095 1865 1210 1951; x_wconf 87' lang='grc' dir='ltr'><strong><em>οὐσίας</em></strong></span> <span class='ocrx_word' id='word_1_98' title='bbox 1232 1868 1396 1956; x_wconf 77' lang='grc' dir='ltr'><strong><em>ἐφύλαξεν</em></strong></span> <span class='ocrx_word' id='word_1_99' title='bbox 1417 1872 1544 1951; x_wconf 78' lang='grc' dir='ltr'><strong><em>ἐκείνας</em></strong></span> <span class='ocrx_word' id='word_1_100' title='bbox 1566 1872 1663 1956; x_wconf 75' lang='grc' dir='ltr'><strong><em>αἵπερ</em></strong></span> 
     </span>
     <span class='ocr_line' id='line_1_14' title="bbox 359 1961 1118 2059; baseline -0.007 -17"><span class='ocrx_word' id='word_1_101' title='bbox 359 1961 453 2059; x_wconf 77' lang='grc' dir='ltr'><strong><em>ἦσαν,</em></strong></span> <span class='ocrx_word' id='word_1_102' title='bbox 475 1969 537 2053; x_wconf 81' lang='grc' dir='ltr'><strong><em>τὰς</em></strong></span> <span class='ocrx_word' id='word_1_103' title='bbox 558 1975 594 2040; x_wconf 81' lang='grc' dir='ltr'><strong><em>δὲ</em></strong></span> <span class='ocrx_word' id='word_1_104' title='bbox 613 1966 803 2058; x_wconf 88' lang='grc' dir='ltr'><strong><em>ποιότητας</em></strong></span> <span class='ocrx_word' id='word_1_105' title='bbox 825 1971 966 2057; x_wconf 84' lang='grc' dir='ltr'><strong><em>ἔτρεψεν</em></strong></span> <span class='ocrx_word' id='word_1_106' title='bbox 986 1965 1118 2054; x_wconf 81' lang='grc' dir='ltr'><strong><em>αὐτῶν;</em></strong></span> 
     </span>
    </p>

    <p class='ocr_par' dir='ltr' id='par_1_6' title="bbox 443 2063 1662 2158">
     <span class='ocr_line' id='line_1_15' title="bbox 443 2063 1662 2158; baseline -0.001 -19"><span class='ocrx_word' id='word_1_107' title='bbox 443 2075 571 2139; x_wconf 78' lang='lat' dir='ltr'><em>OYAA.</em></span> <span class='ocrx_word' id='word_1_108' title='bbox 610 2065 658 2140; x_wconf 87' lang='grc' dir='ltr'><strong><em>Οὐ</em></strong></span> <span class='ocrx_word' id='word_1_109' title='bbox 679 2076 783 2141; x_wconf 76' lang='grc' dir='ltr'><strong><em>δοκεῖ·</em></strong></span> <span class='ocrx_word' id='word_1_110' title='bbox 790 2096 848 2157; x_wconf 92' lang='grc' dir='ltr'><strong><em>μοι</em></strong></span> <span class='ocrx_word' id='word_1_111' title='bbox 864 2063 1016 2157; x_wconf 83' lang='grc' dir='ltr'><strong><em>άλλαγὴν</em></strong></span> <span class='ocrx_word' id='word_1_112' title='bbox 1031 2097 1109 2139; x_wconf 90' lang='grc' dir='ltr'><strong><em>τινα</em></strong></span> <span class='ocrx_word' id='word_1_113' title='bbox 1131 2063 1258 2140; x_wconf 81' lang='grc' dir='ltr'><strong><em>οὐσιῶν</em></strong></span> <span class='ocrx_word' id='word_1_114' title='bbox 1272 2073 1505 2158; x_wconf 83' lang='grc' dir='ltr'><strong><em>πεποιηκέναι,</em></strong></span> <span class='ocrx_word' id='word_1_115' title='bbox 1528 2066 1662 2157; x_wconf 77' lang='grc' dir='ltr'><strong><em>τροπὴν</em></strong></span> 
     </span>
    </p>

    <p class='ocr_par' dir='ltr' id='par_1_7' title="bbox 310 2163 1663 2456">
     <span class='ocr_line' id='line_1_16' title="bbox 310 2163 1663 2258; baseline 0 -22"><span class='ocrx_word' id='word_1_116' title='bbox 310 2181 343 2234; x_wconf 81' lang='grc'><strong><em>15</em></strong></span> <span class='ocrx_word' id='word_1_117' title='bbox 360 2175 397 2239; x_wconf 81' lang='grc' dir='ltr'><strong><em>δέ</em></strong></span> <span class='ocrx_word' id='word_1_118' title='bbox 421 2197 499 2240; x_wconf 90' lang='grc' dir='ltr'><strong><em>τινα</em></strong></span> <span class='ocrx_word' id='word_1_119' title='bbox 520 2175 595 2240; x_wconf 83' lang='grc' dir='ltr'><strong><em>τῶν</em></strong></span> <span class='ocrx_word' id='word_1_120' title='bbox 618 2166 819 2258; x_wconf 82' lang='grc' dir='ltr'><strong><em>ποιοτήτων</em></strong></span> <span class='ocrx_word' id='word_1_121' title='bbox 840 2173 1013 2256; x_wconf 80' lang='grc' dir='ltr'><strong><em>γεγονέναι</em></strong></span> <span class='ocrx_word' id='word_1_122' title='bbox 1041 2177 1139 2257; x_wconf 82' lang='grc' dir='ltr'><strong><em>φημί,</em></strong></span> <span class='ocrx_word' id='word_1_123' title='bbox 1170 2163 1325 2256; x_wconf 83' lang='grc' dir='ltr'><strong><em>καθάπερ</em></strong></span> <span class='ocrx_word' id='word_1_124' title='bbox 1353 2163 1556 2256; x_wconf 80' lang='grc' dir='ltr'><strong><em>δημιουργόν</em></strong></span> <span class='ocrx_word' id='word_1_125' title='bbox 1576 2169 1663 2238; x_wconf 84' lang='grc' dir='ltr'><strong><em>εἶναι</em></strong></span> 
     </span>
     <span class='ocr_line' id='line_1_17' title="bbox 360 2264 1663 2357; baseline -0.001 -19"><span class='ocrx_word' id='word_1_126' title='bbox 360 2273 448 2357; x_wconf 80' lang='grc' dir='ltr'><strong><em>λέγω</em></strong></span> <span class='ocrx_word' id='word_1_127' title='bbox 475 2264 539 2338; x_wconf 90' lang='grc' dir='ltr'><strong><em>τὸν</em></strong></span> <span class='ocrx_word' id='word_1_128' title='bbox 565 2265 659 2340; x_wconf 87' lang='grc' dir='ltr'><strong><em>θεόν.</em></strong></span> <span class='ocrx_word' id='word_1_129' title='bbox 700 2275 756 2339; x_wconf 88' lang='grc' dir='ltr'><strong><em>καὶ</em></strong></span> <span class='ocrx_word' id='word_1_130' title='bbox 785 2265 913 2355; x_wconf 78' lang='grc' dir='ltr'><strong><em>ὥσπερ,</em></strong></span> <span class='ocrx_word' id='word_1_131' title='bbox 941 2269 970 2338; x_wconf 88' lang='grc' dir='ltr'><strong><em>εί</em></strong></span> <span class='ocrx_word' id='word_1_132' title='bbox 996 2265 1091 2355; x_wconf 87' lang='grc' dir='ltr'><strong><em>τόχοι</em></strong></span> <span class='ocrx_word' id='word_1_133' title='bbox 1118 2272 1227 2355; x_wconf 80' lang='grc' dir='ltr'><strong><em>λέγειν</em></strong></span> <span class='ocrx_word' id='word_1_134' title='bbox 1248 2271 1358 2336; x_wconf 81' lang='grc' dir='ltr'><strong><em>οἰκίαν</em></strong></span> <span class='ocrx_word' id='word_1_135' title='bbox 1380 2271 1417 2337; x_wconf 86' lang='grc' dir='ltr'><strong><em>έκ</em></strong></span> <span class='ocrx_word' id='word_1_136' title='bbox 1439 2273 1550 2337; x_wconf 88' lang='grc' dir='ltr'><strong><em>λίθων</em></strong></span> <span class='ocrx_word' id='word_1_137' title='bbox 1572 2293 1663 2355; x_wconf 85' lang='grc' dir='ltr'><strong><em>γεχο-</em></strong></span> 
     </span>
     <span class='ocr_line' id='line_1_18' title="bbox 361 2359 1662 2456; baseline -0.002 -18"><span class='ocrx_word' id='word_1_138' title='bbox 361 2373 467 2453; x_wconf 90' lang='grc' dir='ltr'><strong><em>νέναι,</em></strong></span> <span class='ocrx_word' id='word_1_139' title='bbox 498 2363 552 2456; x_wconf 78' lang='grc' dir='ltr'><strong><em>ἐφ’</em></strong></span> <span class='ocrx_word' id='word_1_140' title='bbox 574 2359 626 2439; x_wconf 72' lang='grc' dir='ltr'><strong><em>οὐν</em></strong></span> <span class='ocrx_word' id='word_1_141' title='bbox 653 2364 715 2440; x_wconf 87' lang='grc' dir='ltr'><strong><em>οὐκ</em></strong></span> <span class='ocrx_word' id='word_1_142' title='bbox 742 2371 833 2439; x_wconf 84' lang='grc' dir='ltr'><strong><em>ἔστιν</em></strong></span> <span class='ocrx_word' id='word_1_143' title='bbox 859 2373 965 2439; x_wconf 82' lang='grc' dir='ltr'><strong><em>εἰπεῖν</em></strong></span> <span class='ocrx_word' id='word_1_144' title='bbox 993 2363 1041 2448; x_wconf 78' lang='grc' dir='ltr'><strong><em>τός</em></strong></span> <span class='ocrx_word' id='word_1_145' title='bbox 1067 2361 1182 2437; x_wconf 85' lang='grc' dir='ltr'><strong><em>οὐκέτι</em></strong></span> <span class='ocrx_word' id='word_1_146' title='bbox 1208 2373 1301 2436; x_wconf 91' lang='grc' dir='ltr'><strong><em>λίθοι</em></strong></span> <span class='ocrx_word' id='word_1_147' title='bbox 1326 2371 1461 2452; x_wconf 84' lang='grc' dir='ltr'><strong><em>μένουσι</em></strong></span> <span class='ocrx_word' id='word_1_148' title='bbox 1487 2373 1530 2454; x_wconf 81' lang='grc' dir='ltr'><strong><em>τῇ</em></strong></span> <span class='ocrx_word' id='word_1_149' title='bbox 1558 2361 1662 2456; x_wconf 84' lang='grc' dir='ltr'><strong><em>οὐσίᾳ,</em></strong></span> 
     </span>
    </p>

    <p class='ocr_par' dir='ltr' id='par_1_8' title="bbox 327 2461 1664 2658">
     <span class='ocr_line' id='line_1_19' title="bbox 327 2461 1663 2558; baseline -0.001 -20"><span class='ocrx_word' id='word_1_150' title='bbox 327 2473 481 2558; x_wconf 80' lang='grc' dir='ltr'><strong><em>σ&lt;οίκία&gt;</em></strong></span> <span class='ocrx_word' id='word_1_151' title='bbox 503 2463 686 2556; x_wconf 81' lang='grc' dir='ltr'><strong><em>γενόμενοι,</em></strong></span> <span class='ocrx_word' id='word_1_152' title='bbox 709 2463 803 2538; x_wconf 77' lang='grc' dir='ltr'><strong><em>οὕτω</em></strong></span> <span class='ocrx_word' id='word_1_153' title='bbox 824 2495 883 2557; x_wconf 91' lang='grc' dir='ltr'><strong><em>μοι</em></strong></span> <span class='ocrx_word' id='word_1_154' title='bbox 896 2473 993 2538; x_wconf 79' lang='grc' dir='ltr'><strong><em>’δοκεῖ</em></strong></span> <span class='ocrx_word' id='word_1_155' title='bbox 1011 2464 1075 2538; x_wconf 89' lang='grc' dir='ltr'><strong><em>τόν</em></strong></span> <span class='ocrx_word' id='word_1_156' title='bbox 1091 2461 1185 2550; x_wconf 89' lang='grc' dir='ltr'><strong><em>θεόν,</em></strong></span> <span class='ocrx_word' id='word_1_157' title='bbox 1207 2462 1441 2555; x_wconf 71' lang='grc' dir='ltr'><strong><em>ὑπομενούσης</em></strong></span> <span class='ocrx_word' id='word_1_158' title='bbox 1456 2471 1517 2554; x_wconf 85' lang='grc' dir='ltr'><strong><em>τῆς</em></strong></span> <span class='ocrx_word' id='word_1_159' title='bbox 1539 2461 1663 2550; x_wconf 85' lang='grc' dir='ltr'><strong><em>οὐσίας,</em></strong></span> 
     </span>
     <span class='ocr_line' id='line_1_20' title="bbox 360 2559 1664 2658; baseline -0.002 -20"><span class='ocrx_word' id='word_1_160' title='bbox 360 2565 495 2658; x_wconf 82' lang='grc' dir='ltr'><strong><em>τροπήν</em></strong></span> <span class='ocrx_word' id='word_1_161' title='bbox 518 2595 595 2639; x_wconf 90' lang='grc' dir='ltr'><strong><em>τινα</em></strong></span> <span class='ocrx_word' id='word_1_162' title='bbox 616 2573 691 2638; x_wconf 81' lang='grc' dir='ltr'><strong><em>τῶν</em></strong></span> <span class='ocrx_word' id='word_1_163' title='bbox 711 2565 913 2657; x_wconf 81' lang='grc' dir='ltr'><strong><em>ποιοτήτων</em></strong></span> <span class='ocrx_word' id='word_1_164' title='bbox 933 2563 1038 2656; x_wconf 84' lang='grc' dir='ltr'><strong><em>αὐτῆς</em></strong></span> <span class='ocrx_word' id='word_1_165' title='bbox 1059 2570 1287 2654; x_wconf 84' lang='grc' dir='ltr'><strong><em>πεποιηκέναι,</em></strong></span> <span class='ocrx_word' id='word_1_166' title='bbox 1309 2559 1389 2634; x_wconf 79' lang='grc' dir='ltr'><strong><em>καθ’</em></strong></span> <span class='ocrx_word' id='word_1_167' title='bbox 1412 2562 1455 2654; x_wconf 80' lang='grc' dir='ltr'><strong><em>ἣν</em></strong></span> <span class='ocrx_word' id='word_1_168' title='bbox 1477 2563 1543 2654; x_wconf 82' lang='grc' dir='ltr'><strong><em>τὴν</em></strong></span> <span class='ocrx_word' id='word_1_169' title='bbox 1566 2571 1664 2635; x_wconf 84' lang='grc' dir='ltr'><strong><em>τοῦόε</em></strong></span> 
     </span>
    </p>

    <p class='ocr_par' dir='ltr' id='par_1_9' title="bbox 308 2663 1317 2757">
     <span class='ocr_line' id='line_1_21' title="bbox 308 2663 1317 2757; baseline -0.001 -22"><span class='ocrx_word' id='word_1_170' title='bbox 308 2680 343 2735; x_wconf 84' lang='grc'><strong><em>20</em></strong></span> <span class='ocrx_word' id='word_1_171' title='bbox 361 2675 423 2739; x_wconf 83' lang='grc' dir='ltr'><strong><em>τοῦ</em></strong></span> <span class='ocrx_word' id='word_1_172' title='bbox 444 2665 572 2757; x_wconf 88' lang='grc' dir='ltr'><strong><em>κόσμου</em></strong></span> <span class='ocrx_word' id='word_1_173' title='bbox 593 2672 722 2754; x_wconf 85' lang='grc' dir='ltr'><strong><em>γένεσιν</em></strong></span> <span class='ocrx_word' id='word_1_174' title='bbox 743 2663 810 2738; x_wconf 85' lang='grc' dir='ltr'><strong><em>ὐπὸ</em></strong></span> <span class='ocrx_word' id='word_1_175' title='bbox 833 2673 896 2738; x_wconf 86' lang='grc' dir='ltr'><strong><em>τοῦ</em></strong></span> <span class='ocrx_word' id='word_1_176' title='bbox 917 2673 1002 2738; x_wconf 87' lang='grc' dir='ltr'><strong><em>θεοῦ</em></strong></span> <span class='ocrx_word' id='word_1_177' title='bbox 1022 2670 1196 2755; x_wconf 79' lang='grc' dir='ltr'><strong><em>γεγονέναι</em></strong></span> <span class='ocrx_word' id='word_1_178' title='bbox 1218 2671 1317 2752; x_wconf 85' lang='grc' dir='ltr'><strong><em>λέγω.</em></strong></span> 
     </span>
    </p>

    <p class='ocr_par' dir='ltr' id='par_1_10' title="bbox 360 2762 1665 2956">
     <span class='ocr_line' id='line_1_22' title="bbox 443 2762 1665 2855; baseline -0.002 -18"><span class='ocrx_word' id='word_1_179' title='bbox 443 2774 510 2838; x_wconf 85' lang='grc' dir='ltr'><strong><em>ΑΔ.</em></strong></span> <span class='ocrx_word' id='word_1_180' title='bbox 545 2763 633 2838; x_wconf 79' lang='grc' dir='ltr'><strong><em>Ἐπεὶ</em></strong></span> <span class='ocrx_word' id='word_1_181' title='bbox 655 2775 774 2838; x_wconf 91' lang='grc' dir='ltr'><strong><em>τοίνυν</em></strong></span> <span class='ocrx_word' id='word_1_182' title='bbox 796 2763 930 2855; x_wconf 80' lang='grc' dir='ltr'><strong><em>τροπήν</em></strong></span> <span class='ocrx_word' id='word_1_183' title='bbox 953 2793 1028 2837; x_wconf 91' lang='grc' dir='ltr'><strong><em>τινα</em></strong></span> <span class='ocrx_word' id='word_1_184' title='bbox 1049 2762 1251 2853; x_wconf 77' lang='grc' dir='ltr'><strong><em>ποιοτήτων</em></strong></span> <span class='ocrx_word' id='word_1_185' title='bbox 1272 2763 1360 2853; x_wconf 85' lang='grc' dir='ltr'><strong><em>πρὸς</em></strong></span> <span class='ocrx_word' id='word_1_186' title='bbox 1381 2769 1445 2834; x_wconf 86' lang='grc' dir='ltr'><strong><em>τοῦ</em></strong></span> <span class='ocrx_word' id='word_1_187' title='bbox 1466 2769 1550 2833; x_wconf 86' lang='grc' dir='ltr'><strong><em>θεοῦ</em></strong></span> <span class='ocrx_word' id='word_1_188' title='bbox 1572 2791 1665 2852; x_wconf 80' lang='grc' dir='ltr'><strong><em>χεγο·</em></strong></span> 
     </span>
     <span class='ocr_line' id='line_1_23' title="bbox 360 2862 1462 2956; baseline -0.006 -17"><span class='ocrx_word' id='word_1_189' title='bbox 360 2873 454 2942; x_wconf 90' lang='grc' dir='ltr'><strong><em>νέναι</em></strong></span> <span class='ocrx_word' id='word_1_190' title='bbox 476 2864 552 2956; x_wconf 81' lang='grc' dir='ltr'><strong><em>φής,</em></strong></span> <span class='ocrx_word' id='word_1_191' title='bbox 575 2862 755 2955; x_wconf 88' lang='grc' dir='ltr'><strong><em>άπόκριναί</em></strong></span> <span class='ocrx_word' id='word_1_192' title='bbox 779 2894 836 2954; x_wconf 92' lang='grc' dir='ltr'><strong><em>μοι</em></strong></span> <span class='ocrx_word' id='word_1_193' title='bbox 858 2871 980 2955; x_wconf 84' lang='grc' dir='ltr'><strong><em>βραχέα</em></strong></span> <span class='ocrx_word' id='word_1_194' title='bbox 1001 2871 1172 2937; x_wconf 88' lang='grc' dir='ltr'><strong><em>πυθέσθαι</em></strong></span> <span class='ocrx_word' id='word_1_195' title='bbox 1193 2869 1462 2953; x_wconf 85' lang='grc' dir='ltr'><strong><em>προαιρουμένῳ.</em></strong></span> 
     </span>
    </p>

    <p class='ocr_par' dir='ltr' id='par_1_11' title="bbox 442 2964 799 3057">
     <span class='ocr_line' id='line_1_24' title="bbox 442 2964 799 3057; baseline 0.003 -20"><span class='ocrx_word' id='word_1_196' title='bbox 442 2971 599 3057; x_wconf 71' lang='lat' dir='ltr'><em>(om.)</em></span> <span class='ocrx_word' id='word_1_197' title='bbox 643 2971 726 3054; x_wconf 68' lang='grc' dir='ltr'><strong><em>μοι</em></strong></span> <span class='ocrx_word' id='word_1_198' title='bbox 747 2964 799 3056; x_wconf 81' lang='grc' dir='ltr'><strong><em>σή.</em></strong></span> 
     </span>
    </p>

    <p class='ocr_par' dir='ltr' id='par_1_12' title="bbox 442 3057 1666 3155">
     <span class='ocr_line' id='line_1_25' title="bbox 442 3057 1666 3155; baseline -0.002 -19"><span class='ocrx_word' id='word_1_199' title='bbox 442 3073 534 3155; x_wconf 85' lang='grc' dir='ltr'>(ΑΔ.)</span> <span class='ocrx_word' id='word_1_200' title='bbox 581 3063 625 3135; x_wconf 83' lang='grc' dir='ltr'><strong><em>Τὰ</em></strong></span> <span class='ocrx_word' id='word_1_201' title='bbox 651 3064 738 3138; x_wconf 85' lang='grc' dir='ltr'><strong><em>κακά</em></strong></span> <span class='ocrx_word' id='word_1_202' title='bbox 764 3062 948 3153; x_wconf 88' lang='grc' dir='ltr'><strong><em>ποιότητες</em></strong></span> <span class='ocrx_word' id='word_1_203' title='bbox 974 3061 1100 3137; x_wconf 79' lang='grc' dir='ltr'><strong><em>οὐσιῶν</em></strong></span> <span class='ocrx_word' id='word_1_204' title='bbox 1129 3088 1182 3137; x_wconf 91' lang='grc' dir='ltr'><strong><em>σοι</em></strong></span> <span class='ocrx_word' id='word_1_205' title='bbox 1209 3069 1368 3134; x_wconf 80' lang='grc' dir='ltr'><strong><em>δοκοῦσιν</em></strong></span> <span class='ocrx_word' id='word_1_206' title='bbox 1390 3064 1477 3133; x_wconf 90' lang='grc' dir='ltr'><strong><em>είναι</em></strong></span> <span class='ocrx_word' id='word_1_207' title='bbox 1499 3057 1520 3150; x_wconf 80' lang='grc' dir='ltr'><em>ἢ</em></span> <span class='ocrx_word' id='word_1_208' title='bbox 1542 3059 1666 3146; x_wconf 85' lang='grc' dir='ltr'><strong><em>οὐσίαι,·</em></strong></span> 
     </span>
    </p>
   </div>
   <div class='ocr_carea' id='block_1_4' title="bbox 359 3218 1669 4728">
    <p class='ocr_par' dir='ltr' id='par_1_13' title="bbox 359 3218 1669 4728">
     <span class='ocr_line' id='line_1_26' title="bbox 446 3218 1665 3294; baseline -0.004 -16"><span class='ocrx_word' id='word_1_209' title='bbox 446 3224 475 3294; x_wconf 88' lang='lat'><strong><em>1,</em></strong></span> <span class='ocrx_word' id='word_1_210' title='bbox 493 3221 513 3278; x_wconf 85' lang='lat'>4</span> <span class='ocrx_word' id='word_1_211' title='bbox 530 3219 623 3293; x_wconf 79' lang='grc' dir='ltr'><strong><em>Εὐτρ]</em></strong></span> <span class='ocrx_word' id='word_1_212' title='bbox 648 3220 867 3274; x_wconf 68' lang='lat' dir='ltr'><strong><em>»Adamantius«</em></strong></span> <span class='ocrx_word' id='word_1_213' title='bbox 888 3219 950 3274; x_wconf 80' lang='lat' dir='ltr'>Rus.</span> <span class='ocrx_word' id='word_1_214' title='bbox 974 3221 980 3287; x_wconf 98' lang='grc' dir='ltr'>Ι</span> <span class='ocrx_word' id='word_1_215' title='bbox 1002 3220 1046 3287; x_wconf 77' lang='grc' dir='ltr'><strong><em>4Ι5</em></strong></span> <span class='ocrx_word' id='word_1_216' title='bbox 1070 3221 1174 3288; x_wconf 78' lang='grc' dir='ltr'><strong><em>Φης-</em></strong></span> <span class='ocrx_word' id='word_1_217' title='bbox 1187 3219 1340 3287; x_wconf 83' lang='grc' dir='ltr'><strong><em>ποιότητας</em></strong></span> <span class='ocrx_word' id='word_1_218' title='bbox 1362 3219 1407 3274; x_wconf 92' lang='lat' dir='ltr'><strong><em>bei</em></strong></span> <span class='ocrx_word' id='word_1_219' title='bbox 1430 3218 1491 3272; x_wconf 75' lang='lat' dir='ltr'><strong><em>Rufi</em></strong></span> <span class='ocrx_word' id='word_1_220' title='bbox 1510 3219 1597 3290; x_wconf 78' lang='lat' dir='ltr'>Frege</span> <span class='ocrx_word' id='word_1_221' title='bbox 1619 3219 1665 3273; x_wconf 83' lang='lat' dir='ltr'><strong><em>des</em></strong></span> 
     </span>
     <span class='ocr_line' id='line_1_27' title="bbox 360 3300 1666 3375; baseline -0.003 -15"><span class='ocrx_word' id='word_1_222' title='bbox 360 3307 420 3374; x_wconf 70' lang='lat' dir='ltr'><strong><em>Ad„</em></strong></span> <span class='ocrx_word' id='word_1_223' title='bbox 445 3306 493 3360; x_wconf 85' lang='lat' dir='ltr'><strong><em>der</em></strong></span> <span class='ocrx_word' id='word_1_224' title='bbox 515 3305 575 3359; x_wconf 88' lang='lat' dir='ltr'>eine</span> <span class='ocrx_word' id='word_1_225' title='bbox 593 3308 720 3361; x_wconf 72' lang='lat' dir='ltr'><strong>Anhwort</strong></span> <span class='ocrx_word' id='word_1_226' title='bbox 739 3307 786 3360; x_wconf 80' lang='lat' dir='ltr'><strong><em>dee</em></strong></span> <span class='ocrx_word' id='word_1_227' title='bbox 804 3305 906 3360; x_wconf 78' lang='lat' dir='ltr'>Valens</span> <span class='ocrx_word' id='word_1_228' title='bbox 924 3303 1003 3375; x_wconf 72' lang='lat' dir='ltr'>folgt.</span> <span class='ocrx_word' id='word_1_229' title='bbox 1033 3306 1065 3358; x_wconf 89' lang='lat' dir='ltr'><strong><em>In</em></strong></span> <span class='ocrx_word' id='word_1_230' title='bbox 1083 3303 1142 3358; x_wconf 81' lang='lat' dir='ltr'><strong><em>C¹G</em></strong></span> <span class='ocrx_word' id='word_1_231' title='bbox 1160 3305 1234 3358; x_wconf 72' lang='lat' dir='ltr'>steht</span> <span class='ocrx_word' id='word_1_232' title='bbox 1251 3305 1299 3358; x_wconf 83' lang='lat' dir='ltr'><strong><em>der</em></strong></span> <span class='ocrx_word' id='word_1_233' title='bbox 1316 3304 1403 3358; x_wconf 76' lang='lat' dir='ltr'>Neme</span> <span class='ocrx_word' id='word_1_234' title='bbox 1420 3300 1504 3374; x_wconf 86' lang='grc' dir='ltr'><strong><em>Εὐτρ.</em></strong></span> <span class='ocrx_word' id='word_1_235' title='bbox 1522 3303 1600 3357; x_wconf 74' lang='lat' dir='ltr'>nieht</span> <span class='ocrx_word' id='word_1_236' title='bbox 1617 3321 1666 3358; x_wconf 88' lang='lat' dir='ltr'><strong><em>vor</em></strong></span> 
     </span>
     <span class='ocr_line' id='line_1_28' title="bbox 361 3387 1666 3464; baseline -0.002 -20"><span class='ocrx_word' id='word_1_237' title='bbox 361 3393 422 3460; x_wconf 85' lang='grc' dir='ltr'><strong><em>φιΙς,</em></strong></span> <span class='ocrx_word' id='word_1_238' title='bbox 440 3389 558 3446; x_wconf 84' lang='lat' dir='ltr'>sondern</span> <span class='ocrx_word' id='word_1_239' title='bbox 570 3407 618 3444; x_wconf 87' lang='lat' dir='ltr'><strong><em>vor</em></strong></span> <span class='ocrx_word' id='word_1_240' title='bbox 631 3388 658 3446; x_wconf 86' lang='grc' dir='ltr'><strong><em>εί</em></strong></span> <span class='ocrx_word' id='word_1_241' title='bbox 672 3397 853 3464; x_wconf 81' lang='grc' dir='ltr'><strong><em>προυπῆρχεν</em></strong></span> <span class='ocrx_word' id='word_1_242' title='bbox 868 3391 872 3458; x_wconf 96' lang='grc' dir='ltr'>Ι</span> <span class='ocrx_word' id='word_1_243' title='bbox 888 3391 906 3447; x_wconf 75' lang='lat'><strong>5</strong></span> <span class='ocrx_word' id='word_1_244' title='bbox 925 3387 952 3445; x_wconf 86' lang='grc' dir='ltr'><strong><em>εί</em></strong></span> <span class='ocrx_word' id='word_1_245' title='bbox 962 3398 995 3448; x_wconf 96' lang='grc'>&lt;</span> <span class='ocrx_word' id='word_1_246' title='bbox 1008 3390 1043 3443; x_wconf 82' lang='grc' dir='ltr'><strong><em>Β1</em></strong></span> <span class='ocrx_word' id='word_1_247' title='bbox 1059 3392 1062 3457; x_wconf 98' lang='grc' dir='ltr'>Ι</span> <span class='ocrx_word' id='word_1_248' title='bbox 1079 3389 1125 3453; x_wconf 75' lang='grc' dir='ltr'><strong><em>5Ιύ</em></strong></span> <span class='ocrx_word' id='word_1_249' title='bbox 1142 3388 1235 3446; x_wconf 71' lang='lat' dir='ltr'>leth.</span> <span class='ocrx_word' id='word_1_250' title='bbox 1246 3388 1283 3446; x_wconf 85' lang='lat' dir='ltr'><strong><em>B.</em></strong></span> <span class='ocrx_word' id='word_1_251' title='bbox 1294 3387 1327 3445; x_wconf 84' lang='lat' dir='ltr'><strong><em>S.</em></strong></span> <span class='ocrx_word' id='word_1_252' title='bbox 1340 3389 1376 3443; x_wconf 79' lang='grc'><strong><em>29</em></strong></span> <span class='ocrx_word' id='word_1_253' title='bbox 1391 3388 1395 3456; x_wconf 97' lang='grc' dir='ltr'>Ι</span> <span class='ocrx_word' id='word_1_254' title='bbox 1412 3387 1451 3444; x_wconf 82' lang='lat'><strong><em>1⁰</em></strong></span> <span class='ocrx_word' id='word_1_255' title='bbox 1471 3387 1539 3442; x_wconf 81' lang='grc' dir='ltr'><strong><em>Τίνα</em></strong></span> <span class='ocrx_word' id='word_1_256' title='bbox 1556 3387 1666 3459; x_wconf 86' lang='grc' dir='ltr'><strong><em>τρόπον</em></strong></span> 
     </span>
     <span class='ocr_line' id='line_1_29' title="bbox 361 3466 1666 3551; baseline -0.004 -20"><span class='ocrx_word' id='word_1_257' title='bbox 361 3504 394 3513; x_wconf 99' lang='grc'>-</span> <span class='ocrx_word' id='word_1_258' title='bbox 405 3474 479 3531; x_wconf 60' lang='lat' dir='ltr'><strong><em>&amp;ed</em></strong></span> <span class='ocrx_word' id='word_1_259' title='bbox 496 3471 587 3540; x_wconf 84' lang='grc' dir='ltr'><strong><em>κακὰς</em></strong></span> <span class='ocrx_word' id='word_1_260' title='bbox 603 3474 695 3531; x_wconf 71' lang='lat' dir='ltr'>leth·</span> <span class='ocrx_word' id='word_1_261' title='bbox 707 3476 744 3533; x_wconf 86' lang='lat' dir='ltr'><strong><em>B.</em></strong></span> <span class='ocrx_word' id='word_1_262' title='bbox 758 3475 788 3531; x_wconf 82' lang='lat' dir='ltr'><strong><em>S.</em></strong></span> <span class='ocrx_word' id='word_1_263' title='bbox 802 3476 838 3530; x_wconf 80' lang='grc'><strong><em>29</em></strong></span> <span class='ocrx_word' id='word_1_264' title='bbox 859 3475 914 3529; x_wconf 85' lang='grc' dir='ltr'><strong><em>τίνι</em></strong></span> <span class='ocrx_word' id='word_1_265' title='bbox 936 3473 1033 3547; x_wconf 85' lang='grc' dir='ltr'><strong><em>τρόπῳ</em></strong></span> <span class='ocrx_word' id='word_1_266' title='bbox 1045 3503 1079 3512; x_wconf 94' lang='grc'>-</span> <span class='ocrx_word' id='word_1_267' title='bbox 1091 3474 1124 3527; x_wconf 86' lang='grc'><strong><em>32</em></strong></span> <span class='ocrx_word' id='word_1_268' title='bbox 1147 3471 1187 3537; x_wconf 87' lang='grc' dir='ltr'><strong><em>είς</em></strong></span> <span class='ocrx_word' id='word_1_269' title='bbox 1207 3471 1241 3527; x_wconf 87' lang='grc' dir='ltr'><strong><em>τό</em></strong></span> <span class='ocrx_word' id='word_1_270' title='bbox 1262 3466 1335 3528; x_wconf 84' lang='grc' dir='ltr'><strong><em>εἶναι</em></strong></span> <span class='ocrx_word' id='word_1_271' title='bbox 1352 3469 1443 3537; x_wconf 84' lang='grc' dir='ltr'><strong><em>κακὰς</em></strong></span> <span class='ocrx_word' id='word_1_272' title='bbox 1466 3472 1470 3538; x_wconf 95' lang='grc' dir='ltr'>Ι</span> <span class='ocrx_word' id='word_1_273' title='bbox 1494 3469 1666 3551; x_wconf 78' lang='grc' dir='ltr'><strong><em>δημιουργόν</em></strong></span> 
     </span>
     <span class='ocr_line' id='line_1_30' title="bbox 361 3550 1666 3631; baseline -0.006 -13"><span class='ocrx_word' id='word_1_274' title='bbox 361 3553 434 3615; x_wconf 83' lang='grc' dir='ltr'><strong><em>εἶναι</em></strong></span> <span class='ocrx_word' id='word_1_275' title='bbox 451 3558 536 3614; x_wconf 71' lang='grc' dir='ltr'><strong><em>Μθύίι.</em></strong></span> <span class='ocrx_word' id='word_1_276' title='bbox 557 3563 561 3628; x_wconf 95' lang='grc' dir='ltr'>Ι</span> <span class='ocrx_word' id='word_1_277' title='bbox 583 3563 620 3617; x_wconf 92' lang='lat' dir='ltr'><strong><em>ll</em></strong></span> <span class='ocrx_word' id='word_1_278' title='bbox 640 3556 776 3631; x_wconf 77' lang='grc' dir='ltr'><strong><em>ὑπάρχειν</em></strong></span> <span class='ocrx_word' id='word_1_279' title='bbox 795 3557 905 3625; x_wconf 76' lang='grc' dir='ltr'><strong><em>ἐκείνας</em></strong></span> <span class='ocrx_word' id='word_1_280' title='bbox 921 3559 1008 3613; x_wconf 81' lang='lat' dir='ltr'>Meth.</span> <span class='ocrx_word' id='word_1_281' title='bbox 1028 3560 1033 3627; x_wconf 97' lang='grc' dir='ltr'>Ι</span> <span class='ocrx_word' id='word_1_282' title='bbox 1054 3559 1091 3614; x_wconf 76' lang='grc'><strong><em>13</em></strong></span> <span class='ocrx_word' id='word_1_283' title='bbox 1111 3555 1181 3627; x_wconf 75' lang='grc' dir='ltr'><strong><em>ἦσαν</em></strong></span> <span class='ocrx_word' id='word_1_284' title='bbox 1199 3554 1255 3630; x_wconf 89' lang='grc' dir='ltr'><strong><em>πρό</em></strong></span> <span class='ocrx_word' id='word_1_285' title='bbox 1274 3555 1377 3612; x_wconf 84' lang='grc' dir='ltr'><strong><em>τοίτου</em></strong></span> <span class='ocrx_word' id='word_1_286' title='bbox 1394 3556 1479 3611; x_wconf 84' lang='lat' dir='ltr'>Meth.</span> <span class='ocrx_word' id='word_1_287' title='bbox 1499 3557 1502 3622; x_wconf 96' lang='grc' dir='ltr'>Ι</span> <span class='ocrx_word' id='word_1_288' title='bbox 1525 3557 1563 3612; x_wconf 79' lang='lat'><strong><em>14</em></strong></span> <span class='ocrx_word' id='word_1_289' title='bbox 1583 3550 1623 3611; x_wconf 83' lang='grc' dir='ltr'><strong><em>Οὐ</em></strong></span> <span class='ocrx_word' id='word_1_290' title='bbox 1639 3575 1666 3611; x_wconf 91' lang='grc' dir='ltr'><strong><em>τι</em></strong></span> 
     </span>
     <span class='ocr_line' id='line_1_31' title="bbox 359 3634 1665 3715; baseline -0.002 -17"><span class='ocrx_word' id='word_1_291' title='bbox 359 3662 411 3712; x_wconf 89' lang='grc' dir='ltr'><strong><em>μοι</em></strong></span> <span class='ocrx_word' id='word_1_292' title='bbox 422 3644 596 3701; x_wconf 75' lang='grc' dir='ltr'><strong><em>θοκεῖΜείίι.</em></strong></span> <span class='ocrx_word' id='word_1_293' title='bbox 612 3647 616 3712; x_wconf 97' lang='grc' dir='ltr'>Ι</span> <span class='ocrx_word' id='word_1_294' title='bbox 632 3643 744 3715; x_wconf 82' lang='grc' dir='ltr'><strong><em>οὐσιῶν]</em></strong></span> <span class='ocrx_word' id='word_1_295' title='bbox 754 3644 871 3700; x_wconf 82' lang='grc' dir='ltr'><strong><em>’τοίτοιν</em></strong></span> <span class='ocrx_word' id='word_1_296' title='bbox 883 3645 909 3698; x_wconf 91' lang='lat' dir='ltr'><strong><em>d.</em></strong></span> <span class='ocrx_word' id='word_1_297' title='bbox 921 3645 1000 3708; x_wconf 85' lang='lat' dir='ltr'>HSS.,</span> <span class='ocrx_word' id='word_1_298' title='bbox 1021 3642 1123 3699; x_wconf 79' lang='grc' dir='ltr'><strong><em>οὐσιῶν</em></strong></span> <span class='ocrx_word' id='word_1_299' title='bbox 1141 3641 1301 3713; x_wconf 81' lang='grc' dir='ltr'><strong><em>γεγονέναι·</em></strong></span> <span class='ocrx_word' id='word_1_300' title='bbox 1319 3638 1434 3712; x_wconf 78' lang='grc' dir='ltr'><strong><em>καὶγὰρ</em></strong></span> <span class='ocrx_word' id='word_1_301' title='bbox 1452 3634 1562 3696; x_wconf 80' lang='grc' dir='ltr'><strong><em>ἄτοπον</em></strong></span> <span class='ocrx_word' id='word_1_302' title='bbox 1579 3647 1665 3695; x_wconf 84' lang='grc' dir='ltr'><strong><em>τοῦτο</em></strong></span> 
     </span>
     <span class='ocr_line' id='line_1_32' title="bbox 359 3719 1666 3801; baseline -0.002 -18"><span class='ocrx_word' id='word_1_303' title='bbox 359 3726 451 3798; x_wconf 81' lang='grc' dir='ltr'><strong><em>λέγειν</em></strong></span> <span class='ocrx_word' id='word_1_304' title='bbox 463 3748 514 3797; x_wconf 93' lang='grc' dir='ltr'><strong><em>μοι</em></strong></span> <span class='ocrx_word' id='word_1_305' title='bbox 526 3731 664 3799; x_wconf 79' lang='grc' dir='ltr'><strong><em>φαίνεται,</em></strong></span> <span class='ocrx_word' id='word_1_306' title='bbox 677 3732 785 3801; x_wconf 79' lang='grc' dir='ltr'><strong><em>τροπὴν</em></strong></span> <span class='ocrx_word' id='word_1_307' title='bbox 798 3730 827 3785; x_wconf 78' lang='grc' dir='ltr'><strong><em>δὲ</em></strong></span> <span class='ocrx_word' id='word_1_308' title='bbox 839 3730 924 3784; x_wconf 80' lang='lat' dir='ltr'>Meth.</span> <span class='ocrx_word' id='word_1_309' title='bbox 940 3731 944 3798; x_wconf 99' lang='grc' dir='ltr'>Ι</span> <span class='ocrx_word' id='word_1_310' title='bbox 961 3730 999 3786; x_wconf 78' lang='lat'><strong><em>15</em></strong></span> <span class='ocrx_word' id='word_1_311' title='bbox 1011 3727 1143 3798; x_wconf 85' lang='grc' dir='ltr'><strong><em>καθόπερ</em></strong></span> <span class='ocrx_word' id='word_1_312' title='bbox 1156 3727 1181 3781; x_wconf 85' lang='lat' dir='ltr'><strong><em>d.</em></strong></span> <span class='ocrx_word' id='word_1_313' title='bbox 1190 3728 1261 3781; x_wconf 87' lang='lat' dir='ltr'>HSS.</span> <span class='ocrx_word' id='word_1_314' title='bbox 1275 3721 1351 3794; x_wconf 82' lang='grc' dir='ltr'><strong><em>(καθ’</em></strong></span> <span class='ocrx_word' id='word_1_315' title='bbox 1365 3723 1381 3780; x_wconf 83' lang='grc' dir='ltr'>ὃ</span> <span class='ocrx_word' id='word_1_316' title='bbox 1395 3725 1437 3793; x_wconf 79' lang='lat' dir='ltr'><strong><em>G),</em></strong></span> <span class='ocrx_word' id='word_1_317' title='bbox 1454 3720 1522 3779; x_wconf 73' lang='grc' dir='ltr'><strong><em>καθ’</em></strong></span> <span class='ocrx_word' id='word_1_318' title='bbox 1535 3719 1569 3790; x_wconf 72' lang='grc' dir='ltr'><strong><em>ἃς</em></strong></span> <span class='ocrx_word' id='word_1_319' title='bbox 1580 3724 1666 3780; x_wconf 74' lang='lat' dir='ltr'>Meth.</span> 
     </span>
     <span class='ocr_line' id='line_1_33' title="bbox 360 3807 1665 3885; baseline -0.005 -17"><span class='ocrx_word' id='word_1_320' title='bbox 360 3814 395 3869; x_wconf 81' lang='lat' dir='ltr'><strong><em>So</em></strong></span> <span class='ocrx_word' id='word_1_321' title='bbox 408 3813 433 3868; x_wconf 88' lang='lat' dir='ltr'><strong><em>d.</em></strong></span> <span class='ocrx_word' id='word_1_322' title='bbox 447 3815 466 3868; x_wconf 91' lang='lat' dir='ltr'><strong><em>l.</em></strong></span> <span class='ocrx_word' id='word_1_323' title='bbox 476 3815 507 3868; x_wconf 84' lang='lat' dir='ltr'><strong><em>R.</em></strong></span> <span class='ocrx_word' id='word_1_324' title='bbox 520 3832 568 3868; x_wconf 81' lang='lat' dir='ltr'><strong><em>aus</em></strong></span> <span class='ocrx_word' id='word_1_325' title='bbox 581 3812 628 3868; x_wconf 82' lang='lat' dir='ltr'><strong><em>der</em></strong></span> <span class='ocrx_word' id='word_1_326' title='bbox 640 3813 794 3868; x_wconf 81' lang='lat' dir='ltr'>Philocalia</span> <span class='ocrx_word' id='word_1_327' title='bbox 808 3817 812 3882; x_wconf 97' lang='grc' dir='ltr'>Ι</span> <span class='ocrx_word' id='word_1_328' title='bbox 829 3817 867 3871; x_wconf 82' lang='grc'><strong><em>16</em></strong></span> <span class='ocrx_word' id='word_1_329' title='bbox 880 3813 972 3885; x_wconf 82' lang='grc' dir='ltr'><strong><em>λέγειν</em></strong></span> <span class='ocrx_word' id='word_1_330' title='bbox 984 3814 1050 3873; x_wconf 82' lang='lat' dir='ltr'><strong><em>&lt;F</em></strong></span> <span class='ocrx_word' id='word_1_331' title='bbox 1064 3815 1069 3881; x_wconf 98' lang='grc' dir='ltr'>Ι</span> <span class='ocrx_word' id='word_1_332' title='bbox 1084 3809 1117 3868; x_wconf 90' lang='grc' dir='ltr'><strong><em>έκ</em></strong></span> <span class='ocrx_word' id='word_1_333' title='bbox 1128 3812 1217 3866; x_wconf 85' lang='grc' dir='ltr'><strong><em>λίθων</em></strong></span> <span class='ocrx_word' id='word_1_334' title='bbox 1229 3808 1323 3866; x_wconf 80' lang='grc' dir='ltr'><strong><em>οἰκίαν</em></strong></span> <span class='ocrx_word' id='word_1_335' title='bbox 1335 3811 1421 3864; x_wconf 76' lang='lat' dir='ltr'>Meth.</span> <span class='ocrx_word' id='word_1_336' title='bbox 1436 3811 1440 3877; x_wconf 97' lang='grc' dir='ltr'>Ι</span> <span class='ocrx_word' id='word_1_337' title='bbox 1458 3809 1496 3866; x_wconf 89' lang='grc'><strong><em>18</em></strong></span> <span class='ocrx_word' id='word_1_338' title='bbox 1516 3807 1591 3864; x_wconf 83' lang='grc' dir='ltr'><strong><em>οἰκία</em></strong></span> <span class='ocrx_word' id='word_1_339' title='bbox 1604 3808 1665 3863; x_wconf 82' lang='lat' dir='ltr'><strong>Ruf.</strong></span> 
     </span>
     <span class='ocr_line' id='line_1_34' title="bbox 360 3891 1666 3970; baseline -0.003 -19"><span class='ocrx_word' id='word_1_340' title='bbox 360 3897 454 3966; x_wconf 69' lang='lat' dir='ltr'>Mete„</span> <span class='ocrx_word' id='word_1_341' title='bbox 472 3908 505 3958; x_wconf 93' lang='lat'>&lt;</span> <span class='ocrx_word' id='word_1_342' title='bbox 522 3900 548 3953; x_wconf 90' lang='lat' dir='ltr'><strong><em>d.</em></strong></span> <span class='ocrx_word' id='word_1_343' title='bbox 566 3901 638 3954; x_wconf 86' lang='lat' dir='ltr'>HSS.</span> <span class='ocrx_word' id='word_1_344' title='bbox 653 3899 657 3969; x_wconf 94' lang='grc' dir='ltr'>Ι</span> <span class='ocrx_word' id='word_1_345' title='bbox 673 3898 832 3970; x_wconf 80' lang='grc' dir='ltr'><strong><em>γενόμενοι]</em></strong></span> <span class='ocrx_word' id='word_1_346' title='bbox 852 3900 935 3954; x_wconf 76' lang='grc' dir='ltr'><strong><em>Μείλι.</em></strong></span> <span class='ocrx_word' id='word_1_347' title='bbox 955 3905 988 3963; x_wconf 79' lang='lat'>÷</span> <span class='ocrx_word' id='word_1_348' title='bbox 1007 3895 1034 3952; x_wconf 83' lang='grc' dir='ltr'><strong><em>ολ</em></strong></span> <span class='ocrx_word' id='word_1_349' title='bbox 1051 3898 1141 3952; x_wconf 85' lang='grc' dir='ltr'><strong><em>λίθοι·</em></strong></span> <span class='ocrx_word' id='word_1_350' title='bbox 1163 3902 1198 3965; x_wconf 83' lang='grc' dir='ltr'><strong><em>τῇ</em></strong></span> <span class='ocrx_word' id='word_1_351' title='bbox 1219 3893 1275 3968; x_wconf 83' lang='grc' dir='ltr'><strong><em>γὰρ</em></strong></span> <span class='ocrx_word' id='word_1_352' title='bbox 1294 3894 1422 3963; x_wconf 86' lang='grc' dir='ltr'><strong><em>ποιότητι</em></strong></span> <span class='ocrx_word' id='word_1_353' title='bbox 1438 3899 1489 3961; x_wconf 85' lang='grc' dir='ltr'><strong><em>τῆς</em></strong></span> <span class='ocrx_word' id='word_1_354' title='bbox 1507 3891 1666 3958; x_wconf 76' lang='grc' dir='ltr'><strong><em>συνθέσεως</em></strong></span> 
     </span>
     <span class='ocr_line' id='line_1_35' title="bbox 360 3977 1665 4056; baseline -0.005 -19"><span class='ocrx_word' id='word_1_355' title='bbox 360 3985 411 4051; x_wconf 73' lang='grc' dir='ltr'><strong><em>τὴν</em></strong></span> <span class='ocrx_word' id='word_1_356' title='bbox 430 3981 522 4039; x_wconf 81' lang='grc' dir='ltr'><strong><em>οἰκίαν</em></strong></span> <span class='ocrx_word' id='word_1_357' title='bbox 534 3983 683 4056; x_wconf 80' lang='grc' dir='ltr'><strong><em>γεγονέναι</em></strong></span> <span class='ocrx_word' id='word_1_358' title='bbox 695 3985 775 4055; x_wconf 82' lang='grc' dir='ltr'><strong><em>φημί,</em></strong></span> <span class='ocrx_word' id='word_1_359' title='bbox 793 3984 946 4056; x_wconf 86' lang='grc' dir='ltr'><strong><em>τραπείσης</em></strong></span> <span class='ocrx_word' id='word_1_360' title='bbox 957 3980 1086 4052; x_wconf 79' lang='grc' dir='ltr'><strong><em>δηλονότι</em></strong></span> <span class='ocrx_word' id='word_1_361' title='bbox 1097 3987 1147 4049; x_wconf 85' lang='grc' dir='ltr'><strong><em>τῆς</em></strong></span> <span class='ocrx_word' id='word_1_362' title='bbox 1159 3979 1301 4051; x_wconf 85' lang='grc' dir='ltr'><strong><em>προτέρας</em></strong></span> <span class='ocrx_word' id='word_1_363' title='bbox 1311 3986 1368 4035; x_wconf 90' lang='grc' dir='ltr'><strong><em>τῶν</em></strong></span> <span class='ocrx_word' id='word_1_364' title='bbox 1380 3980 1469 4034; x_wconf 84' lang='grc' dir='ltr'><strong><em>λίθων</em></strong></span> <span class='ocrx_word' id='word_1_365' title='bbox 1482 3977 1646 4046; x_wconf 85' lang='grc' dir='ltr'><strong><em>ποιότητος·</em></strong></span> <span class='ocrx_word' id='word_1_366' title='bbox 1660 3977 1665 4046; x_wconf 98' lang='grc' dir='ltr'>Ι</span> 
     </span>
     <span class='ocr_line' id='line_1_36' title="bbox 360 4063 1668 4136; baseline -0.005 -14"><span class='ocrx_word' id='word_1_367' title='bbox 360 4071 408 4123; x_wconf 89' lang='grc' dir='ltr'><strong><em>καί</em></strong></span> <span class='ocrx_word' id='word_1_368' title='bbox 426 4066 477 4124; x_wconf 89' lang='grc' dir='ltr'><strong><em>τόν</em></strong></span> <span class='ocrx_word' id='word_1_369' title='bbox 495 4067 566 4124; x_wconf 84' lang='grc' dir='ltr'><strong><em>θεὸν</em></strong></span> <span class='ocrx_word' id='word_1_370' title='bbox 582 4068 667 4124; x_wconf 73' lang='grc' dir='ltr'><strong><em>Μεύίι.</em></strong></span> <span class='ocrx_word' id='word_1_371' title='bbox 682 4069 687 4136; x_wconf 98' lang='grc' dir='ltr'>Ι</span> <span class='ocrx_word' id='word_1_372' title='bbox 703 4068 740 4124; x_wconf 87' lang='grc'><strong><em>21</em></strong></span> <span class='ocrx_word' id='word_1_373' title='bbox 760 4087 823 4123; x_wconf 91' lang='grc' dir='ltr'><strong><em>τινα</em></strong></span> <span class='ocrx_word' id='word_1_374' title='bbox 840 4073 897 4123; x_wconf 89' lang='grc' dir='ltr'><strong><em>τῶν</em></strong></span> <span class='ocrx_word' id='word_1_375' title='bbox 915 4068 1074 4136; x_wconf 76' lang='grc' dir='ltr'><strong><em>ποιοτήτων</em></strong></span> <span class='ocrx_word' id='word_1_376' title='bbox 1091 4065 1175 4120; x_wconf 81' lang='grc' dir='ltr'><strong><em>Μοίλι.</em></strong></span> <span class='ocrx_word' id='word_1_377' title='bbox 1192 4067 1196 4132; x_wconf 97' lang='grc' dir='ltr'>Ι</span> <span class='ocrx_word' id='word_1_378' title='bbox 1213 4065 1251 4119; x_wconf 86' lang='grc'><strong><em>22</em></strong></span> <span class='ocrx_word' id='word_1_379' title='bbox 1270 4065 1302 4117; x_wconf 91' lang='lat' dir='ltr'><strong><em>ln</em></strong></span> <span class='ocrx_word' id='word_1_380' title='bbox 1317 4063 1404 4118; x_wconf 80' lang='lat' dir='ltr'>Meth.</span> <span class='ocrx_word' id='word_1_381' title='bbox 1423 4064 1491 4133; x_wconf 77' lang='lat' dir='ltr'>geht</span> <span class='ocrx_word' id='word_1_382' title='bbox 1508 4063 1579 4116; x_wconf 71' lang='grc' dir='ltr'><strong><em>ποσί]</em></strong></span> <span class='ocrx_word' id='word_1_383' title='bbox 1599 4079 1668 4133; x_wconf 88' lang='grc' dir='ltr'><strong><em>προ-</em></strong></span> 
     </span>
     <span class='ocr_line' id='line_1_37' title="bbox 360 4145 1669 4230; baseline -0.005 -23"><span class='ocrx_word' id='word_1_384' title='bbox 360 4151 519 4230; x_wconf 88' lang='grc' dir='ltr'><strong><em>αιρουμένῳ</em></strong></span> <span class='ocrx_word' id='word_1_385' title='bbox 538 4153 583 4209; x_wconf 87' lang='lat' dir='ltr'><strong><em>die</em></strong></span> <span class='ocrx_word' id='word_1_386' title='bbox 598 4153 672 4208; x_wconf 86' lang='lat' dir='ltr'>Rede</span> <span class='ocrx_word' id='word_1_387' title='bbox 690 4153 737 4208; x_wconf 78' lang='lat' dir='ltr'><strong><em>des</em></strong></span> <span class='ocrx_word' id='word_1_388' title='bbox 754 4152 927 4207; x_wconf 77' lang='lat' dir='ltr'>Orthodoxos</span> <span class='ocrx_word' id='word_1_389' title='bbox 944 4152 1016 4206; x_wconf 82' lang='lat' dir='ltr'><strong>noch</strong></span> <span class='ocrx_word' id='word_1_390' title='bbox 1033 4151 1139 4204; x_wconf 75' lang='lat' dir='ltr'>weiter:</span> <span class='ocrx_word' id='word_1_391' title='bbox 1158 4147 1222 4219; x_wconf 83' lang='grc' dir='ltr'><strong><em>λέγε</em></strong></span> <span class='ocrx_word' id='word_1_392' title='bbox 1240 4151 1271 4218; x_wconf 77' lang='grc' dir='ltr'><strong><em>θη</em></strong></span> <span class='ocrx_word' id='word_1_393' title='bbox 1290 4146 1318 4204; x_wconf 88' lang='grc' dir='ltr'><strong><em>εί</em></strong></span> <span class='ocrx_word' id='word_1_394' title='bbox 1334 4145 1441 4216; x_wconf 81' lang='grc' dir='ltr'><strong><em>ὁμοίως</em></strong></span> <span class='ocrx_word' id='word_1_395' title='bbox 1458 4149 1507 4203; x_wconf 87' lang='grc' dir='ltr'><strong><em>καί</em></strong></span> <span class='ocrx_word' id='word_1_396' title='bbox 1525 4149 1570 4202; x_wconf 91' lang='grc' dir='ltr'><strong><em>σοί</em></strong></span> <span class='ocrx_word' id='word_1_397' title='bbox 1588 4149 1669 4202; x_wconf 79' lang='grc' dir='ltr'><strong><em>δοκεῖ</em></strong></span> 
     </span>
     <span class='ocr_line' id='line_1_38' title="bbox 360 4226 1665 4306; baseline -0.005 -14"><span class='ocrx_word' id='word_1_398' title='bbox 360 4235 394 4292; x_wconf 85' lang='grc' dir='ltr'><strong><em>τὰ</em></strong></span> <span class='ocrx_word' id='word_1_399' title='bbox 412 4235 486 4293; x_wconf 86' lang='grc' dir='ltr'><strong><em>κακὰ</em></strong></span> <span class='ocrx_word' id='word_1_400' title='bbox 505 4237 658 4306; x_wconf 88' lang='grc' dir='ltr'><strong><em>ποιότητας</em></strong></span> <span class='ocrx_word' id='word_1_401' title='bbox 675 4231 817 4292; x_wconf 80' lang='grc' dir='ltr'><strong><em>εἶναιτῶν</em></strong></span> <span class='ocrx_word' id='word_1_402' title='bbox 836 4234 947 4292; x_wconf 81' lang='grc' dir='ltr'><strong><em>οὐσιῶν.</em></strong></span> <span class='ocrx_word' id='word_1_403' title='bbox 977 4230 1098 4306; x_wconf 79' lang='grc' dir='ltr'><strong><em>ἑταῖρος.</em></strong></span> <span class='ocrx_word' id='word_1_404' title='bbox 1127 4235 1212 4289; x_wconf 83' lang='grc' dir='ltr'><strong><em>δοκεῖ.</em></strong></span> <span class='ocrx_word' id='word_1_405' title='bbox 1242 4231 1407 4306; x_wconf 81' lang='grc' dir='ltr'><strong><em>ὐρθόθοξος.</em></strong></span> <span class='ocrx_word' id='word_1_406' title='bbox 1437 4227 1552 4288; x_wconf 79' lang='grc' dir='ltr'><strong><em>ἄνωθεν</em></strong></span> <span class='ocrx_word' id='word_1_407' title='bbox 1569 4232 1597 4288; x_wconf 77' lang='grc' dir='ltr'><strong><em>δὲ</em></strong></span> <span class='ocrx_word' id='word_1_408' title='bbox 1609 4226 1665 4286; x_wconf 82' lang='grc' dir='ltr'><strong><em>κτὲ.</em></strong></span> 
     </span>
     <span class='ocr_line' id='line_1_39' title="bbox 361 4311 1666 4384; baseline -0.005 -8"><span class='ocrx_word' id='word_1_409' title='bbox 361 4321 570 4377; x_wconf 83' lang='lat' dir='ltr'>Gleioherweiee</span> <span class='ocrx_word' id='word_1_410' title='bbox 592 4320 653 4376; x_wconf 77' lang='lat' dir='ltr'>Rus.</span> <span class='ocrx_word' id='word_1_411' title='bbox 690 4321 795 4376; x_wconf 82' lang='lat' dir='ltr'>Jedooh</span> <span class='ocrx_word' id='word_1_412' title='bbox 818 4319 894 4376; x_wconf 76' lang='lat' dir='ltr'>etehe</span> <span class='ocrx_word' id='word_1_413' title='bbox 915 4320 960 4374; x_wconf 85' lang='lat' dir='ltr'><strong><em>ich</em></strong></span> <span class='ocrx_word' id='word_1_414' title='bbox 985 4337 1033 4384; x_wconf 81' lang='lat' dir='ltr'><strong><em>an,</em></strong></span> <span class='ocrx_word' id='word_1_415' title='bbox 1061 4319 1105 4373; x_wconf 87' lang='lat' dir='ltr'><strong><em>die</em></strong></span> <span class='ocrx_word' id='word_1_416' title='bbox 1126 4318 1232 4372; x_wconf 80' lang='lat' dir='ltr'>Namen</span> <span class='ocrx_word' id='word_1_417' title='bbox 1257 4317 1339 4375; x_wconf 89' lang='grc' dir='ltr'><strong><em>Οὐαλ.</em></strong></span> <span class='ocrx_word' id='word_1_418' title='bbox 1357 4336 1383 4372; x_wconf 89' lang='lat' dir='ltr'><strong><em>u.</em></strong></span> <span class='ocrx_word' id='word_1_419' title='bbox 1401 4311 1451 4373; x_wconf 80' lang='grc' dir='ltr'><strong><em>Ἂό.</em></strong></span> <span class='ocrx_word' id='word_1_420' title='bbox 1474 4319 1512 4371; x_wconf 92' lang='lat' dir='ltr'><strong><em>im</em></strong></span> <span class='ocrx_word' id='word_1_421' title='bbox 1534 4317 1606 4371; x_wconf 81' lang='lat' dir='ltr'>Diel.</span> <span class='ocrx_word' id='word_1_422' title='bbox 1625 4316 1666 4370; x_wconf 78' lang='lat' dir='ltr'><strong><em>els</em></strong></span> 
     </span>
     <span class='ocr_line' id='line_1_40' title="bbox 359 4401 1667 4474; baseline -0.005 -14"><span class='ocrx_word' id='word_1_423' title='bbox 359 4407 461 4461; x_wconf 70' lang='lat' dir='ltr'>unecht</span> <span class='ocrx_word' id='word_1_424' title='bbox 478 4407 720 4462; x_wconf 82' lang='lat' dir='ltr'>einzuklemmern.</span> <span class='ocrx_word' id='word_1_425' title='bbox 750 4405 801 4460; x_wconf 90' lang='lat' dir='ltr'><strong><em>Die</em></strong></span> <span class='ocrx_word' id='word_1_426' title='bbox 819 4403 980 4474; x_wconf 79' lang='lat' dir='ltr'>Einteilung</span> <span class='ocrx_word' id='word_1_427' title='bbox 997 4404 1045 4458; x_wconf 85' lang='lat' dir='ltr'><strong><em>der</em></strong></span> <span class='ocrx_word' id='word_1_428' title='bbox 1063 4403 1166 4470; x_wconf 72' lang='lat' dir='ltr'>Worte,</span> <span class='ocrx_word' id='word_1_429' title='bbox 1184 4403 1289 4458; x_wconf 79' lang='lat' dir='ltr'>welche</span> <span class='ocrx_word' id='word_1_430' title='bbox 1306 4419 1404 4458; x_wconf 83' lang='lat' dir='ltr'>unsere</span> <span class='ocrx_word' id='word_1_431' title='bbox 1421 4401 1493 4456; x_wconf 91' lang='lat' dir='ltr'>HSS.</span> <span class='ocrx_word' id='word_1_432' title='bbox 1511 4402 1612 4465; x_wconf 71' lang='lat' dir='ltr'>bieten,</span> <span class='ocrx_word' id='word_1_433' title='bbox 1630 4401 1667 4454; x_wconf 78' lang='lat' dir='ltr'><strong><em>ish</em></strong></span> 
     </span>
     <span class='ocr_line' id='line_1_41' title="bbox 360 4481 1666 4560; baseline -0.003 -16"><span class='ocrx_word' id='word_1_434' title='bbox 360 4507 430 4558; x_wconf 75' lang='lat' dir='ltr'><strong>ganz</strong></span> <span class='ocrx_word' id='word_1_435' title='bbox 448 4491 510 4546; x_wconf 89' lang='lat' dir='ltr'><strong><em>dem</em></strong></span> <span class='ocrx_word' id='word_1_436' title='bbox 528 4491 596 4547; x_wconf 75' lang='lat' dir='ltr'>stile</span> <span class='ocrx_word' id='word_1_437' title='bbox 614 4491 661 4546; x_wconf 80' lang='lat' dir='ltr'><strong><em>des</em></strong></span> <span class='ocrx_word' id='word_1_438' title='bbox 678 4489 750 4545; x_wconf 78' lang='lat' dir='ltr'><strong>Dial.</strong></span> <span class='ocrx_word' id='word_1_439' title='bbox 768 4493 882 4560; x_wconf 58' lang='lat' dir='ltr'>gemens.</span> <span class='ocrx_word' id='word_1_440' title='bbox 917 4487 1026 4544; x_wconf 81' lang='lat' dir='ltr'>Ebenso</span> <span class='ocrx_word' id='word_1_441' title='bbox 1044 4489 1116 4558; x_wconf 76' lang='lat' dir='ltr'>folgt</span> <span class='ocrx_word' id='word_1_442' title='bbox 1132 4489 1206 4543; x_wconf 63' lang='lat'>8452</span> <span class='ocrx_word' id='word_1_443' title='bbox 1222 4487 1295 4541; x_wconf 75' lang='lat' dir='ltr'>nach</span> <span class='ocrx_word' id='word_1_444' title='bbox 1312 4481 1361 4542; x_wconf 71' lang='lat'><strong><em>146.</em></strong></span> <span class='ocrx_word' id='word_1_445' title='bbox 1379 4486 1494 4558; x_wconf 84' lang='grc' dir='ltr'><strong><em>Βραχέα</em></strong></span> <span class='ocrx_word' id='word_1_446' title='bbox 1513 4482 1666 4557; x_wconf 79' lang='grc' dir='ltr'><strong><em>ἐρωτηθείς</em></strong></span> 
     </span>
     <span class='ocr_line' id='line_1_42' title="bbox 359 4571 1666 4648; baseline -0.005 -18"><span class='ocrx_word' id='word_1_447' title='bbox 359 4572 563 4648; x_wconf 83' lang='grc' dir='ltr'><strong><em>ἀποκρινάσθω</em></strong></span> <span class='ocrx_word' id='word_1_448' title='bbox 585 4572 693 4644; x_wconf 88' lang='grc' dir='ltr'><strong><em>Οὐάλης</em></strong></span> <span class='ocrx_word' id='word_1_449' title='bbox 710 4575 755 4629; x_wconf 86' lang='lat' dir='ltr'><strong><em>die</em></strong></span> <span class='ocrx_word' id='word_1_450' title='bbox 772 4576 899 4628; x_wconf 72' lang='lat' dir='ltr'><strong>Anhwort</strong></span> <span class='ocrx_word' id='word_1_451' title='bbox 916 4571 1001 4642; x_wconf 81' lang='grc' dir='ltr'><strong><em>Λέγε,</em></strong></span> <span class='ocrx_word' id='word_1_452' title='bbox 1018 4573 1118 4628; x_wconf 85' lang='lat' dir='ltr'>ebeneo</span> <span class='ocrx_word' id='word_1_453' title='bbox 1135 4573 1216 4638; x_wconf 64' lang='lat'>8342,</span> <span class='ocrx_word' id='word_1_454' title='bbox 1234 4573 1314 4627; x_wconf 63' lang='lat'>8502..</span> <span class='ocrx_word' id='word_1_455' title='bbox 1344 4571 1404 4625; x_wconf 79' lang='lat' dir='ltr'><strong>Rus.</strong></span> <span class='ocrx_word' id='word_1_456' title='bbox 1423 4571 1500 4624; x_wconf 71' lang='lat' dir='ltr'><strong>kann</strong></span> <span class='ocrx_word' id='word_1_457' title='bbox 1517 4571 1588 4635; x_wconf 83' lang='lat' dir='ltr'>hier,</span> <span class='ocrx_word' id='word_1_458' title='bbox 1614 4571 1666 4624; x_wconf 84' lang='lat' dir='ltr'><strong><em>wie</em></strong></span> 
     </span>
     <span class='ocr_line' id='line_1_43' title="bbox 359 4657 913 4728; baseline 0 -15"><span class='ocrx_word' id='word_1_459' title='bbox 359 4677 395 4713; x_wconf 85' lang='lat' dir='ltr'><strong><em>an</em></strong></span> <span class='ocrx_word' id='word_1_460' title='bbox 413 4660 533 4715; x_wconf 76' lang='lat' dir='ltr'>anderen</span> <span class='ocrx_word' id='word_1_461' title='bbox 551 4659 663 4724; x_wconf 70' lang='lat' dir='ltr'>Stellen,</span> <span class='ocrx_word' id='word_1_462' title='bbox 683 4659 798 4728; x_wconf 72' lang='lat' dir='ltr'>gekflrzt</span> <span class='ocrx_word' id='word_1_463' title='bbox 816 4657 913 4713; x_wconf 75' lang='lat' dir='ltr'>haben.</span> 
     </span>
    </p>
   </div>
   <div class='ocr_carea' id='block_1_5' title="bbox 0 0 1880 5528">
    <p class='ocr_par' dir='ltr' id='par_1_14' title="bbox 0 0 1880 5528">
     <span class='ocr_line' id='line_1_44' title="bbox 0 0 1880 5528; baseline 0 0"><span class='ocrx_word' id='word_1_464' title='bbox 0 0 1880 5528; x_wconf 95' lang='lat' dir='ltr'><strong><em> </em></strong></span> 
     </span>
    </p>
   </div>
  </div>
 </body>
</html>
