3744 5524
217 472 330 543 Carpati
345 473 372 526 11
390 489 412 528 e
430 474 455 528 5.
473 475 497 529 6.
808 474 917 546 Dialog.
1480 483 1521 545 69

217 647 260 707 et:
289 646 393 722 Ionem
413 646 486 706 ueni
505 647 617 706 mittere
637 665 726 723 super
748 653 869 718 mam,
892 648 934 708 et:
970 647 1028 707 Uar
1048 648 1143 724 uobis,
1164 648 1274 708 emitae
1294 655 1321 708 et
1341 648 1521 708 Pharisaei?

217 747 248 805 et
268 742 383 806 iterum
405 740 579 824 spostolus:
611 745 648 806 Si
669 751 779 821 tornea,
805 741 916 826 inquit,
944 747 1060 808 iustum
1086 755 1129 808 eet
1153 749 1234 826 operd
1257 748 1345 808 mum
1365 749 1522 810 retribuam

216 845 427 906 tribulantibus
439 865 496 906 uos
516 846 734 906 tribulationem
754 851 780 906 et
800 847 893 921 uobis,
915 848 971 925 qui
991 847 1188 918 tribulamini,
1209 848 1407 924 refrtyerirun.
1442 842 1522 920 Quis

216 960 291 1024 ergo
313 945 361 1006 est
383 940 438 1024 qui
460 940 606 1006 retribuit
626 940 880 1008 tribulationem?
909 940 1084 1026 Responde.

180 1057 196 1109 5
297 1046 388 1106 Mare
408 1045 448 1105 d.:
475 1039 579 1106 Malus
600 1041 747 1107 retribuit
767 1041 1010 1108 tribulationem

297 1147 382 1206 Eutr.
403 1144 448 1205 d.:
474 1137 509 1204 Si
530 1140 632 1206 melus
653 1143 800 1207 retribuit
820 1141 1069 1220 tribulationem,
1095 1146 1216 1207 eertum
1237 1147 1285 1206 est
1305 1143 1379 1226 quia
1401 1143 1522 1226 etipse

213 1240 412 1324 refrigerium
434 1239 530 1304 debit
572 1240 693 1317 Quodsi
719 1241 758 1306 ab
784 1241 853 1325 ipso
876 1243 1042 1325 recipimus
1070 1246 1100 1306 et
1121 1241 1357 1308 tribulationem
1379 1247 1410 1307 et
1430 1243 1520 1308 refri-

215 1340 352 1424 gerium,
383 1337 461 1422 quid
490 1360 571 1423 opus
601 1345 648 1405 eet
675 1342 778 1407 adhue
808 1341 905 1407 elium
938 1344 1032 1406 deum
1061 1345 1231 1426 quaerere?
1263 1340 1521 1408 Manifestissime

214 1441 422 1523 approbatum
445 1443 493 1504 est
523 1440 609 1522 quod
634 1443 711 1506 deus
738 1446 770 1506 et
794 1444 889 1508 iudex
910 1441 951 1506 sit
973 1446 1003 1506 et
1023 1463 1106 1506 unus
1127 1440 1179 1519 sit,
1207 1445 1238 1506 et
1258 1441 1452 1524 superfluum
1474 1447 1523 1506 est

164 1551 197 1604 10
213 1539 360 1604 inanibus
382 1537 499 1603 fabulis
521 1538 677 1623 ooouperi.

297 1661 321 1704 o.
343 1639 405 1708 VI.
430 1639 478 1722 (Et
494 1663 586 1702 rursus
602 1646 723 1702 inserens
741 1639 781 1723 ee)
802 1645 964 1722 Mepetbiua
984 1646 1038 1706 ait:

295 1735 367 1803 Hoo
389 1741 474 1821 quod
491 1739 673 1806 dictumest
694 1742 733 1806 ab
756 1738 900 1824 apostolo
922 1759 981 1825 ego
996 1761 1125 1823 possum
1139 1739 1337 1805 manifestius
1357 1761 1522 1823 exponere,

215 1840 301 1921 quod
321 1837 377 1903 ait:
401 1841 555 1922 &quedem
573 1845 689 1906 iustum
709 1851 752 1905 eet
772 1845 853 1922 opud
872 1845 960 1904 deum
980 1843 1136 1904 retribuere
1157 1843 1368 1904 tribulantibus
1388 1863 1445 1904 uos
1466 1845 1520 1932 tri·

213 1941 391 2002 bulationem
405 1947 432 2002 et
449 1943 544 2014 uobis,
567 1945 623 2022 qui
641 1945 835 2022 tribulamini,
855 1943 1053 2020 resriyerium.
1089 1936 1219 2003 Debetis
1235 1938 1318 2003 enim
1339 1940 1522 2007 meminisse

163 2050 195 2104 15
214 2035 287 2119 qnia
318 2040 382 2100 tres
411 2037 606 2121 principatus
634 2059 692 2124 ego
722 2039 917 2116 definieram,
946 2038 1085 2102 medinm
1112 2040 1269 2121 quendam
1296 2043 1327 2102 et
1347 2040 1466 2104 bonum
1488 2044 1521 2104 et

212 2135 339 2202 melum.
374 2133 437 2201 Iste
453 2157 528 2221 ergo
543 2139 673 2220 medius,
695 2138 844 2204 obediens
858 2140 950 2217 bono,
972 2135 1171 2222 refrigerium
1186 2136 1280 2215 dabit,
1299 2139 1521 2222 obtemperans

211 2255 336 2298 rursum
357 2235 448 2314 malo,
470 2238 706 2304 tribulationem
726 2241 873 2322 praestat

295 2340 350 2400 Ad.
373 2341 412 2400 d.:
438 2335 583 2402 Minister
610 2358 684 2423 ergo
711 2338 771 2403 iste
792 2338 914 2402 medius
935 2335 1011 2401 mali
1034 2340 1065 2401 et
1085 2337 1161 2402 boni
1183 2341 1214 2402 et
1234 2337 1314 2402 nihil
1335 2336 1403 2420 ipse
1424 2337 1522 2401 babet

212 2434 385 2517 potestatis,
407 2457 479 2501 oum
494 2441 542 2501 est
556 2438 698 2521 utrisque
713 2438 872 2503 subiectus
888 2440 925 2514 et,
948 2441 985 2500 nt
998 2441 1135 2519 apparet,
1157 2435 1237 2501 nihil
1251 2437 1379 2519 proprio
1401 2435 1520 2524 iudicio

160 2545 194 2601 20
212 2533 290 2618 egit,
316 2536 372 2600 sed
397 2538 484 2618 quod
510 2536 539 2600 ei
560 2537 612 2600 uel
638 2560 657 2600 a
681 2539 765 2602 bono
787 2536 839 2601 uel
861 2536 983 2600 amalo
1005 2536 1100 2600 luerit
1120 2535 1305 2601 iniunctum
1346 2535 1408 2601 Dio
1430 2554 1520 2620 ergo:

211 2633 307 2699 Cuius
329 2634 492 2699 uoluntate
514 2635 573 2701 iste
593 2636 716 2701 medius
737 2635 880 2701 homines
902 2635 1039 2700 creauit?

292 2740 366 2816 Mep.
385 2740 425 2800 d.:
448 2733 510 2803 Hie
532 2734 659 2820 quidem
681 2737 853 2801 seeundum
874 2734 1033 2818 propriam
1054 2735 1250 2800 uoluntatem
1270 2734 1411 2799 homines
1433 2733 1519 2800 feeit.

211 2832 272 2898 Sed
286 2833 442 2916 poenituit
462 2857 520 2917 pro
541 2857 578 2901 eo
601 2838 686 2919 quod
707 2835 807 2900 malos
829 2840 990 2900 oreauerat
1011 2838 1042 2899 et
1063 2834 1166 2900 uoluit
1188 2855 1241 2900 eos
1261 2834 1373 2917 punire
1395 2840 1426 2900 et
1447 2858 1518 2919 per·

210 2933 309 2996 ditum
332 2935 419 3013 dare,
449 2937 504 2998 sed
526 2936 629 3000 bonus
651 2938 740 3013 deus,
770 2933 935 3000 miseratus
956 2936 1128 2999 humanum
1150 2952 1262 3018 genus,
1291 2955 1354 2999 non
1376 2934 1522 3018 permisit

160 3041 193 3094 25
211 3033 271 3098 hoo
292 3032 368 3096 fieri.

293 3137 378 3197 met.
391 3137 431 3198 d.:
452 3132 524 3198 Hoo
544 3156 608 3199 non
631 3138 678 3199 est
698 3133 774 3199 boni
796 3134 846 3199 dei
866 3133 950 3199 mala
971 3155 1035 3198 non
1057 3133 1158 3198 sinere
1179 3133 1324 3208 interimi,
1347 3154 1418 3199 oum
1439 3133 1522 3199 uelit

211 3233 313 3297 fecere
342 3237 472 3298 oreator.
514 3233 597 3310 Quid
624 3233 686 3298 fuit
710 3235 787 3298 boni
812 3232 895 3298 mala
920 3233 1074 3312 miserari,
1104 3233 1165 3299 nisi
1190 3237 1227 3298 ut
1246 3231 1402 3300 malorum
1424 3254 1522 3297 causa

294 3625 313 3680 4
332 3625 397 3681 God.
416 3626 522 3684 tribuit.
551 3627 606 3683 Das
624 3629 836 3698 vorangebende
856 3629 1034 3684 »retribuere«
1055 3629 1084 3683 in
1102 3629 1150 3682 der
1161 3626 1287 3683 oitierten
1300 3627 1347 3696 St,
1366 3629 1414 3682 das
1433 3628 1518 3684 neob-

208 3709 340 3780 folgende
360 3710 518 3766 »retributa
538 3711 586 3766 dee
599 3713 708 3768 Merene
725 3713 782 3767 und
800 3714 849 3768 das
867 3710 1071 3780 ἀνταποδιδοὺς
1088 3712 1136 3768 des
1153 3730 1193 3782 gr.
1206 3712 1236 3766 Τ.
1254 3712 1404 3782 verlangen
1424 3713 1515 3768 »retri-

208 3794 283 3848 buit«
306 3799 310 3863 Ι
337 3795 372 3851 11
393 3795 444 3850 Die
464 3795 559 3851 Worte
582 3797 634 3851 »lit
655 3815 745 3852 rursus
763 3797 884 3854 inserens
902 3816 945 3852 se‹
971 3799 1068 3852 stehen
1086 3798 1137 3851 auf
1157 3795 1278 3866 gleioher
1295 3797 1373 3851 Linie
1390 3797 1441 3851 mit
1461 3797 1515 3852 den

208 3896 263 3935 von
285 3878 337 3934 mir
353 3879 492 3934 notierten
510 3897 555 3934 arn
574 3881 653 3937 Ilnde
671 3881 719 3936 der
736 3885 826 3938 ersten
844 3883 900 3936 und
921 3900 966 3937 am
984 3883 1112 3952 Anfange
1129 3881 1177 3936 der
1195 3881 1310 3936 zweiten
1327 3881 1515 3952 Disputation;

208 3964 247 4018 eie
265 3963 327 4018 sind
345 3965 418 4019 obne
429 3964 540 4020 Zweifel
559 3965 620 4020 eine
632 3965 819 4036 Erlttuternng
835 3983 890 4021 von
907 3966 992 4021 Rut's
1009 3966 1099 4022 Hand.
1125 3965 1214 4020 Kaine
1231 3965 1279 4019 der
1291 3982 1330 4034 gr.
1345 3965 1415 4020 Hss.
1427 3965 1517 4022 kenut

207 4047 254 4101 sie.
284 4047 310 4103 S.
322 4046 394 4102 llinl.
407 4050 423 4116 ἓ
436 4052 509 4104 llrt
529 4051 598 4103 —B
613 4051 618 4118 Ι
634 4051 672 4106 22
692 4051 771 4120 Meu]
788 4051 823 4107 So
838 4050 962 4106 derGod.
991 4051 1070 4105 Anoh
1087 4051 1158 4104 nach
1172 4049 1225 4104 den
1236 4068 1292 4105 von
1303 4050 1368 4113 Pio,
1387 4049 1514 4119 Humph,

206 4132 326 4198 Parion,
350 4132 462 4189 Wettst.
487 4133 544 4188 und
562 4134 621 4189 Del
645 4133 793 4191 benutnten
816 4134 901 4190 codd.
924 4136 1025 4206 gehbrt
1050 4133 1099 4188 dae
1121 4134 1323 4204 naobsolgende
1349 4133 1514 4203 Megethius,

139 4261 144 4270 .
206 4215 278 4270 naob
296 4216 401 4272 Lomm.
420 4217 547 4288 dagegen
565 4219 673 4274 Marone
692 4236 736 4273 an.
774 4219 816 4273 Da
830 4219 910 4290 jener
926 4235 982 4274 von
999 4219 1051 4274 Ad.
1069 4219 1179 4290 gelregt
1195 4218 1239 4279 iet.
1256 4217 1314 4272 und
1331 4218 1360 4272 in
1379 4217 1427 4273 der
1444 4221 1514 4273 Ant-

205 4303 275 4356 wort
289 4302 339 4355 auf
347 4300 392 4356 die
403 4301 491 4372 Frage
507 4302 650 4358 desselben
662 4321 718 4358 von
730 4303 793 4358 dam
805 4303 918 4374 geredet
929 4303 1007 4370 wird,
1019 4321 1076 4360 was
1088 4303 1137 4358 der
1151 4301 1295 4370 »medius«,
1314 4303 1361 4358 der
1376 4305 1512 4357 »creator«

206 4385 310 4454 gethan
328 4385 389 4452 hut,
413 4404 444 4442 so
466 4387 504 4440 ist
523 4387 688 4456 »Mmetba'ue
706 4387 791 4442 uuir«
815 4389 864 4442 das
882 4389 986 4444 Reobte
1008 4390 1012 4456 Ι
1036 4389 1073 4444 27
1093 4386 1159 4442 Cod.
1179 4403 1351 4454 »meserere«,
1374 4385 1445 4441 doeh
1462 4386 1516 4442 mit

207 4469 407 4542 Vertnderung
427 4470 473 4525 des
495 4471 598 4527 letaten
622 4489 667 4528 »e«
691 4473 721 4528 in
745 4473 794 4528 »i«.
829 4474 872 4528 Da
894 4473 942 4529 der
960 4471 1104 4528 Gabranoh
1126 4489 1182 4527 von
1202 4471 1351 4526 ‚miserm
1376 4471 1428 4526 mit
1449 4471 1511 4525 dem

207 4557 303 4610 Aeone.
321 4553 448 4612 unsieher
469 4555 517 4621 ist,
541 4556 577 4610 de
594 4556 642 4612 der
659 4557 733 4612 Veri.
751 4559 853 4614 eoeben
878 4557 1036 4612 »miseratus
1053 4558 1204 4612 humanum
1222 4573 1322 4627 genus«
1348 4557 1446 4626 geeegt
1462 4556 1517 4609 hat

207 4637 262 4708 vgl.
281 4638 306 4693 S.
326 4643 420 4708 71,13,
437 4657 467 4694 so
486 4640 522 4696 iet
539 4641 681 4696 vielleioht
698 4641 755 4696 dies
773 4659 806 4696 zu
822 4642 897 4697 lesen
916 4641 944 4710 (l.
962 4640 1092 4696 miserari.
1110 4671 1144 4681 -
1156 4641 1197 4709 Β).
