3744 5528
209 489 320 559 uesperi
337 488 363 544 V
380 505 402 543 o.
422 491 463 544 21.
811 493 920 563 Dialog.
1460 499 1521 560 217

207 643 362 722 malorum
385 679 479 722 eausa
499 660 603 741 ipsum
626 663 685 739 est,
715 662 951 742 propterquod
973 664 1004 724 et
1028 660 1096 742 ipse
1118 659 1196 725 dioit
1221 659 1397 744 apostolus:
1428 666 1522 725 Miser

199 745 258 838 ‘epo
280 762 386 821 homo!
408 762 478 839 quie
498 781 544 822 me
565 762 696 826 liberabit
716 764 750 824 de
770 782 888 840 corpore
908 765 1015 823 mortis
1036 764 1152 824 huius?

290 862 345 920 Au.
360 862 400 923 ὥς
424 855 515 920 Nihil
537 859 665 940 quidem
685 861 747 924 hoo
768 860 808 922 ad
829 857 1089 924 resurrectionem
1109 858 1247 941 periinet
1261 858 1376 937 earnis3
1399 863 1520 924 tamen:

209 958 367 1039 quomodo
390 961 438 1021 est
458 958 581 1022 animae
601 957 766 1023 uinouium
788 961 923 1040 eorpus?
1261 980 1263 984 ·

174 1060 190 1113 5
290 1061 364 1121 Mur.
386 1061 426 1121 d.:
448 1055 579 1132 Quando
600 1057 818 1140 praeuariooto
840 1059 887 1121 est
908 1055 1013 1120 anima
1034 1059 1216 1122 mandatum
1239 1057 1298 1136 dei,
1325 1061 1401 1122 tune
1423 1058 1518 1121 etism

208 1155 348 1238 eorporis
377 1154 514 1220 uinculis
543 1180 623 1222 nexa
652 1160 706 1222 est.
741 1154 785 1221 Et
813 1156 884 1221 ideo
916 1154 1091 1220 Hieremias
1121 1157 1275 1240 propheto
1304 1177 1362 1221 nos
1394 1157 1519 1222 uinotos

207 1257 308 1318 terrae
334 1253 474 1337 appellat
493 1277 550 1338 pro
577 1278 614 1322 eo
642 1259 727 1340 quod
754 1258 831 1322 deus
858 1255 995 1320 animam
1015 1255 1050 1319 in
1075 1275 1206 1338 corpore
1231 1255 1369 1319 uinxerit
1390 1260 1519 1338 propter

208 1357 378 1434 peceatum.
420 1353 511 1430 Quod
542 1374 617 1438 ergo
647 1354 803 1420 malorum
830 1355 972 1420 omnium
999 1376 1095 1420 eausa
1121 1358 1169 1418 est
1199 1375 1322 1437 eorpus,
1351 1355 1412 1419 hoo
1438 1354 1518 1419 diois

207 1472 378 1537 resurgere,
399 1457 436 1518 ui
457 1476 581 1538 semper
603 1455 708 1520 anima
729 1455 883 1520 habemur
904 1455 938 1518 in
958 1453 1103 1518 uinculis.

158 1553 191 1608 10
292 1558 348 1618 Ad.
369 1559 409 1618 ds
437 1552 486 1620 De
509 1555 572 1618 tuis
597 1558 703 1620 teoum
724 1553 994 1638 propositionibus
1021 1572 1120 1636 agam.
1151 1553 1210 1618 Ais
1232 1553 1369 1617 enimam
1390 1556 1520 1635 propter

209 1657 374 1734 peecatum
402 1653 541 1718 uinotnm
568 1675 635 1719 esse
656 1654 689 1718 in
713 1675 850 1737 corpore.
889 1652 972 1718 Tum
995 1652 1108 1718 deinde
1129 1651 1293 1735 paululum
1315 1654 1519 1734 progrediens

210 1749 255 1814 ais
272 1741 404 1844 'eausam
423 1751 578 1817 malorum
600 1754 741 1818 omnium
760 1772 828 1818 esse
845 1774 968 1836 eorpus,
990 1773 1061 1816 eum
1080 1751 1224 1835 superius
1244 1751 1358 1818 dixeris
1381 1751 1519 1815 animam
