3744 5524
227 508 338 580 Caspari
354 509 381 563 Π
399 526 421 564 c
439 511 479 566 18.
819 510 928 581 Dialcg.
1489 517 1529 578 97

311 683 397 744 Eat.
417 685 458 744 d:
480 678 523 744 Et
544 703 625 766 quae
647 679 871 764 consequentia
890 680 1008 762 poterit
1028 701 1094 744 esse
1115 678 1149 742 in
1171 680 1231 745 hoc
1251 680 1368 746 uerbo?
1404 677 1530 764 Typum

227 797 354 843 necesse
380 782 428 844 est
452 779 563 864 utique
584 780 861 847 commonitionem
886 780 1036 862 praebere
1058 784 1089 844 et
1109 778 1243 844 formam
1264 779 1454 846 uidentibus.
1496 780 1530 848 Si

227 898 303 942 uero
329 877 396 943 sine
424 883 500 963 typo
526 879 579 945 uel
604 879 671 946 sine
693 879 794 947 forma
819 880 862 946 sit
893 882 978 963 quod
1008 881 1179 964 praecedit,
1210 883 1369 964 quomodo
1395 880 1529 946 formam

227 975 408 1043 uidentibus
430 980 537 1044 dabit?

194 1089 211 1144 5
310 1082 365 1141 Ad.
387 1083 427 1144 d:
454 1078 489 1144 Si
509 1079 636 1144 uidetur
655 1078 841 1162 prudentiae
862 1083 935 1143 tuae
955 1078 1120 1161 paululum
1142 1077 1298 1162 patienter
1318 1079 1435 1158 audire,
1455 1079 1529 1164 lego

227 1175 414 1258 apostolum,
435 1199 529 1261 quem
550 1179 612 1262 ipsi
632 1179 804 1263 proferunt,
828 1183 865 1244 ut
882 1177 1068 1262 intellegent
1089 1199 1196 1244 omnes
1218 1183 1336 1263 quanta
1354 1179 1397 1245 sit
1423 1201 1531 1244 eorum

228 1278 424 1358 peruersitas.
459 1277 574 1343 Infelix
595 1279 678 1344 enim
699 1277 850 1359 Marcion,
872 1299 945 1343 cum
966 1279 1173 1343 adulterasset
1193 1277 1373 1361 scripturas,
1395 1278 1531 1362 apostoli

228 1374 368 1440 codicem
388 1399 453 1443 non
474 1383 522 1444 est
543 1401 636 1444 ausus
657 1379 691 1442 in
713 1379 859 1444 omnibus
880 1377 933 1443 uel
947 1377 1061 1443 fulsere
1083 1377 1244 1442 ueletiam
1264 1377 1380 1458 delere;
1402 1380 1458 1444 sed
1476 1377 1531 1444 isti

228 1474 324 1539 etiam
342 1497 426 1542 nunc
448 1499 528 1561 quae
548 1479 592 1544 eis
611 1478 680 1544 uisa
701 1479 819 1544 fuerint
839 1477 998 1558 auferunt,
1023 1478 1057 1542 id
1076 1481 1124 1543 est
1145 1499 1181 1541 ea
1203 1498 1283 1560 quae
1304 1477 1530 1544 assertionibus

178 1583 212 1638 10
229 1575 293 1638 suis
314 1574 463 1641 uidentur
484 1599 551 1642 esse
574 1578 742 1658 contraria,
765 1583 796 1643 et
817 1600 854 1644 ea
874 1577 942 1644 sole
964 1577 1186 1662 derelinquunt
1211 1598 1292 1660 quae
1312 1581 1445 1644 aduersa
1469 1577 1532 1643 sibi

228 1694 292 1737 non
325 1673 555 1743 intellexerunt.
598 1677 685 1743 Haec
720 1697 795 1762 ergo
827 1695 885 1762 ego
920 1678 1008 1743 uelut
1037 1697 1178 1742 racemos
1209 1680 1362 1762 quosdam
1392 1677 1432 1741 ab
1461 1676 1531 1742 istis

227 1772 372 1854 pessimis
393 1775 673 1842 uindemictoribus
695 1776 861 1844 derelictos
883 1779 922 1841 da
944 1775 1126 1860 apostolicis
1148 1780 1180 1841 et
1194 1775 1384 1860 euangelicis
1398 1776 1532 1842 uocibus

230 1871 394 1957 colligens,
421 1875 515 1940 etiam
537 1899 575 1941 ex
597 1876 673 1960 ipsis
698 1882 734 1943 ut
760 1899 793 1943 se
815 1876 928 1942 habeat
949 1875 1066 1941 ueritas
1088 1876 1280 1958 approbabo.
1322 1875 1433 1959 Itaque
1455 1875 1532 1941 dicit

229 1972 403 2054 apostolus:
425 1980 563 2041 Mulieres
583 1981 618 2041 iia
638 1981 754 2042 ecclesia
775 1986 894 2042 taceant.
928 1980 1000 2040 Nom
1017 1980 1099 2040 mim
1116 1980 1297 2057 permittitur
1315 1980 1359 2040 eie
1380 1981 1463 2058 toqui
1481 1979 1532 2040 aad

179 2082 214 2136 15
230 2076 362 2137 subditos
382 2097 451 2154 aesc,
472 2081 550 2140 sicut
569 2087 596 2141 ct
617 2081 661 2141 iac
681 2081 758 2142 dicit.
800 2075 843 2140 Et
863 2076 979 2140 iterum
1000 2075 1090 2141 dicit:
1113 2081 1185 2140 Eece
1206 2081 1259 2142 boc
1281 2080 1363 2140 tertio
1383 2080 1472 2139 monio
1494 2079 1533 2138 ad

229 2195 294 2238 mos.
334 2177 372 2238 Im
394 2197 443 2239 ore
463 2181 694 2241 mimicorum
714 2187 741 2240 et
765 2181 859 2240 trium
881 2180 999 2240 mmmm
1019 2179 1108 2240 satir
1128 2199 1215 2241 cmm
1234 2179 1367 2240 mrbmm
1409 2173 1447 2238 Iu
1468 2194 1532 2257 quo

230 2270 348 2354 absque
373 2272 440 2337 ulla
465 2274 671 2359 ambiguitate
697 2275 893 2340 sermonibus
919 2273 1019 2339 utitur
1043 2273 1132 2358 legis.
1175 2274 1238 2340 Sed
1264 2278 1295 2338 et
1319 2273 1353 2336 in
1374 2271 1436 2338 alio
1461 2272 1532 2338 loco

231 2370 319 2436 dicit:
352 2377 434 2437 liam
461 2378 512 2455 sict
540 2397 637 2439 saraae
666 2380 722 2457 qm‘
749 2380 877 2457 scriptiis
905 2384 963 2438 est:
994 2377 1140 2455 absorpta
1166 2385 1209 2438 cet
1231 2397 1314 2438 mors
1338 2378 1373 2437 im
1397 2376 1533 2436 uictoria.

231 2467 354 2556 Dicant,
375 2472 432 2536 ubi
453 2475 588 2556 scriptus
611 2477 658 2539 est
672 2474 732 2540 iste
746 2495 857 2553 sermo,
878 2473 940 2537 nisi
954 2473 987 2536 in
1001 2472 1072 2557 lege
1088 2477 1120 2537 et
1133 2472 1303 2556 prophetis.
1339 2470 1423 2548 Quid
1438 2475 1533 2556 ergo?

180 2575 214 2630 20
229 2568 431 2636 Destructam
456 2573 533 2637 dicit
559 2595 626 2639 esse
648 2573 752 2658 legem
773 2573 799 2638 is
826 2572 881 2656 qui
906 2575 1071 2638 adseuerat
1096 2593 1163 2637 esse
1189 2571 1331 2636 futurum
1358 2592 1534 2636 samonem

231 2669 285 2752 qui
306 2669 352 2735 ibi
373 2672 508 2755 scriptus
535 2677 594 2752 est,
621 2695 662 2736 an
682 2673 787 2756 potius
813 2670 1066 2755 adimplendam?
1100 2671 1284 2737 Absurdum
1310 2669 1426 2734 etenim
1447 2670 1534 2734 uide·

229 2773 317 2834 retur
337 2770 440 2855 legem
461 2776 620 2838 destruere
642 2777 673 2838 et
693 2771 853 2855 implenda
874 2792 942 2836 esre
964 2771 1066 2835 dicere
1089 2790 1169 2854 quae
1189 2771 1222 2834 in
1245 2792 1281 2835 eo
1301 2769 1418 2853 scripta
1438 2770 1534 2834 habe·

231 2873 345 2934 rentur.
387 2870 440 2935 Ad
469 2870 624 2954 Ephesios
659 2876 764 2936 autem
793 2870 947 2950 scribens,
980 2871 1026 2934 ita
1056 2868 1145 2933 dicit:
1179 2873 1259 2944 Quia
1286 2891 1344 2933 cos
1373 2873 1533 2952 aliquando

230 2979 341 3049 pentes,
365 2976 420 3052 qai
439 2975 616 3035 dicebamini
634 2975 826 3052 praepatium
852 2974 887 3034 cd
908 2991 942 3034 ec
964 2991 1035 3051 quac
1056 2973 1165 3033 dicitur
1186 2973 1371 3034 circuncisio
1392 2973 1428 3033 ia
1447 2991 1535 3033 come

182 3078 216 3134 25
233 3075 417 3150 manufacta,
448 3076 504 3152 qui
528 3076 618 3136 cratia
642 3075 693 3134 illa
721 3073 935 3152 temporariae
963 3073 1092 3149 otram,
1122 3072 1245 3133 alicnati
1268 3092 1288 3133 a
1312 3072 1535 3134 conuersatione

232 3173 327 3234 Israel
346 3179 373 3234 ct
387 3175 540 3251 paramini
561 3181 799 3236 testamentorium
818 3181 845 3234 at
861 3172 1078 3251 promiseiomie
1098 3190 1181 3249 spem
1194 3190 1257 3232 mora
1271 3171 1406 3232 mamm
1426 3178 1453 3232 et
1473 3173 1538 3232 eirea

234 3273 285 3333 dcc
311 3275 346 3333 ira
370 3275 491 3336 amado.
533 3274 623 3335 Nrmc
648 3279 747 3335 autem
771 3293 840 3350 iios,
870 3273 925 3352 qai
950 3273 1112 3350 aliquando
1138 3272 1228 3332 cratia
1252 3272 1348 3349 tempe,
1376 3271 1450 3348 sacti
1470 3273 1541 3333 estis

230 3391 323 3450 prope
344 3375 378 3434 ia
398 3375 546 3452 sanquine
569 3374 688 3436 Christi.
723 3368 796 3434 Hoc
815 3369 850 3434 in
870 3368 941 3434 loco
964 3389 1042 3451 quas
1063 3365 1288 3451 promissiones
1309 3370 1542 3447 commemorat,

330 4585 347 4642 1
365 4585 460 4656 uerbo]
484 4583 549 4640 God.
566 4603 632 4642 uero
656 4586 660 4654 Ι
684 4583 720 4642 18
739 4583 803 4640 coc
822 4584 934 4639 absorta
956 4585 961 4653 1
986 4584 1026 4639 20
1046 4581 1199 4654 adseuerat]
1224 4581 1288 4638 Ccd.
1307 4581 1344 4636 ad
1363 4598 1392 4636 sc
1407 4584 1524 4637 uenerat
1546 4582 1551 4652 Ι

248 4670 287 4726 22
306 4670 371 4726 cod.
389 4669 537 4741 implenda.

300 4755 467 4800 Adamantius.
969 4807 972 4816 ¹
1327 4753 1342 4805 'i
