3744 5528
362 504 421 566 174
916 493 1107 550 Adamantius.
1237 491 1278 546 De
1296 491 1324 546 la
1341 489 1456 546 1211er
1472 491 1661 548 ewa-851⁵.

444 665 510 730 ΑΔ.
544 654 577 728 ‘0
597 655 829 828 εῦαγγελιστής
849 655 940 730 πάνυ
961 652 1158 742 όρθοδόξως
1175 659 1312 741 ἐξέθετο
1334 653 1398 727 τόν
1420 650 1533 742 λόγον,
1554 660 1662 740 δείξας

362 753 417 830 ότι
438 755 575 849 ένήμιν
597 756 786 881 ἐσκήνωσεν
808 787 827 829 ο
817 753 958 876 (λόγος,
981 761 1160 827 τουτέστιν
1181 758 1218 825 ἐν
1240 762 1282 843 τῇ
1305 749 1448 845 ἡμετέρᾳ
1470 761 1574 840 σαρκί.

443 863 549 928 ΜΑΡ
591 854 676 929 Ἀλλ’
699 853 843 946 όλόγος
864 853 946 944 σάρξ
928 860 1109 944 ξέγένετο.

443 962 510 1027 ΑΔ.
553 963 594 1028 Εἰ
615 963 654 1045 μέ
656 984 676 1027 ν
639 949 835 1028 ἐεῐνιενσ
816 985 871 1027 οτι
893 951 913 1026 ό
934 954 1036 1044 λόγος
1057 954 1139 1044 σὰρξ
1160 945 1217 1076 ήν,
1249 954 1331 1040 εἶχες
1352 981 1387 1024 τι
1407 957 1532 1042 λέγειν,
1563 950 1662 1024 τόδὲ

327 1060 495 1144 5ἐγένετο
523 1060 625 1142 ἔδειξε
650 1063 769 1144 σαφῶς
793 1051 1067 1145 προσγενόμενόν
1090 1082 1128 1126 τε
1148 1053 1189 1125 τό
1213 1049 1274 1125 οῦκ
1296 1045 1351 1137 όν,
1377 1045 1479 1124 καὶ0
1459 1080 1516 1123 οτι
1537 1049 1579 1123 τό
1601 1047 1662 1122 οῦκ

329 1150 472 1245 εήδη”
453 1185 494 1228 ον
521 1152 605 1228 αῦτό
632 1162 775 1245 γέγονεν.
818 1153 859 1226 οῦ
884 1154 948 1244 γάρ
974 1153 1016 1226 τὸ
1043 1151 1182 1244 γεγονός
1208 1148 1248 1225 όν
1275 1149 1475 1241 λεχθήσεται
1502 1148 1587 1224 άλλὰ
1608 1154 1660 1237 [τό]

362 1253 560 1345 γενόμενον,
592 1251 653 1325 οῦκ
680 1249 721 1326 όν
747 1261 853 1326 τοῦτο
879 1261 962 1344 πρὶν
988 1260 1152 1341 γενέσθαι
1194 1249 1320 1324 οῦκοῦν
1345 1257 1463 1340 γέγονε
1493 1250 1575 1340 σάρξ
1599 1257 1663 1324 τοῦ

362 1353 467 1444 λόγου
488 1351 669 1443 προόντος,
692 1353 733 1426 τό
756 1353 818 1444 γάρ
838 1349 1024 1474 γενόμενον
1044 1358 1326 1442 μετογενέστερσν
1344 1357 1408 1422 τοῦ
1429 1343 1540 1432 ὄντος.

445 1461 549 1523 ΜΑΡ.
583 1449 739 1542 Ὁλόγος
767 1450 870 1536 αῦτός
896 1452 979 1542 σάρξ
1006 1457 1155 1541 ἐγένετο,
1182 1448 1319 1524 οὐδέν’
1303 1462 1339 1536 εξ
1321 1459 1434 1536 ξωθεν
1455 1449 1663 1539 κροςλαβοόν.

311 1568 345 1623 10
446 1560 513 1624 ΛΔ.
560 1551 707 1640 Τρεκτός
728 1548 861 1626 ἐστιν(
842 1582 861 1623 ο
883 1551 986 1643 λόγος
1006 1559 1070 1624 τοῦ
1090 1557 1183 1636 θεοῦ,
1205 1547 1228 1640 ή
1249 1549 1435 1639 ἄτρεπτος·

443 1658 547 1721 ΜΑΡ.
584 1648 778 1740 Ἄτρεατος.

445 1759 566 1823 MP.
609 1749 825 1840 Βουλόμενος
851 1758 956 1838 δεῖξαι
981 1743 1036 1822 ότι
1062 1747 1124 1822 σῦκ
1151 1747 1291 1834 άνέλαβε
1318 1747 1424 1838 σάρκα
1451 1743 1469 1818 6
1497 1754 1559 1819 τοῦ
1580 1753 1664 1819 θεοῦ

364 1849 464 1941 λόγος
484 1857 541 1922 καὶ
563 1849 709 1939 φεύγων,
731 1857 907 1940 περιτιελρη
929 1847 1110 1937 δεινοτάτη
1131 1857 1187 1921 καλ
1209 1846 1318 1934 άσεβει
1336 1856 1537 1939 βλασφημίᾳ.

445 1956 548 2020 ΜΑΡ.
590 1957 678 2042 Πολᾳ
699 1948 823 2068 ταῦοτη;

311 2071 345 2124 15
446 2055 509 2118 ffl'
509 2057 566 2119 ΤΡ
594 2043 654 2120 Ἐν
660 2021 777 2140 μέν“
758 2078 813 2121 οτι
834 2053 885 2138 τῷ
909 2042 979 2136 όρῳ
994 2071 1057 2120 σου
1076 2042 1096 2120 ό
1095 2046 1219 2169 λόγος
1240 2041 1344 2131 οὗτος
1364 2076 1406 2118 συ
1397 2044 1664 2136 'ovvdoauelwc‚

334 2147 523 2235 ιδεῦτερον
544 2141 622 2218 66⁰
603 2177 659 2220 οτι
679 2148 826 2237 τρεκτός
849 2145 1065 2238 εῦρεθήσεται
1086 2142 1105 2219 ό
1128 2144 1229 2236 λόγος
1244 2154 1272 2218 ελ
1291 2146 1414 2220 κατάσ
1415 2150 1560 2236 ἐγέγονε
1575 2143 1665 2234 σάρξ.

363 2247 405 2320 τό
427 2248 490 2339 γάρ
506 2246 716 2337 τρεπόμενον
733 2275 802 2336 παρ
835 2240 854 2316 6
876 2252 1027 2335 πέφυκεν
1048 2242 1162 2319 οῦκέτι
1176 2239 1344 2319 ἐσταιό
1326 2275 1378 2337 ην,
1401 2242 1477 2319 ἀλλ’
1500 2238 1518 2314 6
1510 2239 1665 2333 γέγονε.

363 2346 523 2436 περισσόν
545 2339 607 2418 σῦν
629 2345 670 2418 τό
693 2352 803 2437 λέγειν
825 2343 930 2435 λόγον
951 2352 1037 2419 θεοῦ
1059 2346 1143 2417 εἶναι
1168 2344 1231 2418 τόν
1254 2343 1412 2434 Χριστόν.
1448 2343 1489 2416 οῦ
1510 2342 1574 2435 γάρ
1595 2347 1665 2416 ἐστι

364 2444 468 2538 λόγος
494 2443 580 2519 ἀλλὰ
606 2447 689 2536 σάρξ
713 2446 803 2520 κατά
829 2454 873 2518 σε’.
915 2443 1075 2534 περισσόν
1101 2451 1213 2517 δὲκαὶ
1235 2442 1276 2516 τό
1299 2449 1335 2532 ἐξ
1356 2441 1504 2533 οῦρανοῦ
1525 2441 1665 2531 φάσκειν

313 2560 347 2615 20
364 2544 471 2620 αῦτόν
492 2551 666 2635 ἐσχηκέναι
688 2544 801 2636 σάρκα.

447 2651 514 2717 ΑΔ.
548 2650 590 2715 Εἰ
611 2645 675 2717 τόν
695 2646 801 2736 λόγον
816 2643 936 2733 φάσκει
958 2642 1065 2732 σάρκα
1083 2649 1285 2733 γεγενῆσθαι
1304 2650 1362 2715 καλ
1382 2642 1427 2733 μὴ
1451 2641 1666 2731 ἀνειληφέναι

364 2752 460 2834 σῶμα
486 2741 689 2834 άνθροόνιου,
722 2743 886 2836 φρασάτω
913 2754 948 2816 τλ
973 2749 1044 2815 ἐστι
1070 2741 1111 2816 τό
1138 2740 1316 2826 πεπονθός
1341 2747 1396 2814 έκλ
1422 2749 1486 2813 τοῦ
1508 2748 1664 2831 σταυροῦ.

447 2849 551 2914 ΜΑΡ.
594 2842 733 2934 Δοκήσει
754 2851 931 2917 πέπονθεν
953 2841 1065 2926 αῦτός.

449 3540 570 3603 ΕῩΤΡ.
614 3529 763 3621 Δοκήσει,
787 3537 943 3604 τουτέστι
965 3539 1134 3622 φαντασία
1154 3539 1210 3603 καλ
1232 3528 1295 3603 σῦκ
1316 3527 1491 3621 diam!

222 3660 227 3667 ·
298 3643 347 3698 8ὀ1
450 3637 517 3701 ΑΔ.
560 3637 602 3702 Εἰ
623 3630 757 3722 δοκήσει
776 3639 833 3704 καὶ
854 3627 916 3701 οῦκ
938 3625 1081 3722 άληθεέᾳ
1102 3637 1266 3715 πέπονθε,
1289 3627 1424 3720 δοκήσει
1443 3635 1500 3700 καὶ
1520 3624 1667 3718 Ἡρώδης

369 3728 502 3818 δικάζει,
525 3729 659 3822 δοκήσει
673 3737 824 3814 Πιλᾶτος
845 3727 1072 3802 άπονίαιτεται
1094 3729 1156 3814 τάς
1174 3751 1296 3819 χεῖρας,
1321 3725 1455 3817 δοκήσει
1469 3734 1524 3800 καὶ
1546 3725 1668 3810 Ἰούδας

366 3837 551 3920 παρέδωκε,
572 3830 704 3923 δοκήσει
723 3837 778 3902 καὶ
794 3828 959 3917 Καϊάφας,
982 3828 1116 3920 δοκήσει
1130 3836 1186 3902 καλ
1199 3826 1352 3903 Ἰουδαῑοι
1365 3833 1531 3916 κατέσχον
1551 3823 1667 3912 αὐτόν,

367 3929 502 4022 δοκήσει
517 3939 573 4004 καλ
588 3935 619 4004 οἱ
638 3929 826 4004 ἀπόστολοι
849 3961 867 3996 κ
889 3961 909 3996 ν
933 3960 953 3996 κ
975 3960 1002 4015 κ,
1026 3927 1159 4020 δοκήσει
1173 3938 1229 4001 καὶ
1245 3929 1285 4000 τό
1302 3927 1381 4017 αἷμα
1397 3923 1504 4000 αὐτοῦ
1518 3925 1667 4016 ἐξεχύθη,

453 4154 472 4210 5
490 4148 535 4209 δτι
546 4163 579 4212 <
592 4153 757 4222 ABDFGH!
774 4156 821 4222 516
835 4153 887 4211 οὐκ
899 4154 949 4226 ἤδη
960 4153 994 4211 τὸ
1008 4151 1041 4210 ὂν
1053 4154 1080 4208 d.
1092 4153 1163 4209 Hss.
1178 4152 1183 4219 Ι
1198 4153 1217 4207 6
1233 4149 1267 4206 τὸ
1279 4151 1309 4206 in
1321 4149 1368 4204 all.
1379 4150 1450 4206 HSS.
1466 4152 1470 4218 Ι
1484 4149 1573 4216 27128
1591 4149 1669 4204 Ναοῦ

369 4235 504 4309 Καϊάφας
521 4241 650 4294 emanet
671 4257 737 4294 man
753 4241 799 4296 ein
819 4257 903 4296 nouos
920 4239 1042 4294 Verbum
1060 4239 1091 4309 (F
1108 4239 1138 4293 in
1154 4255 1211 4307 mg.
1228 4252 1284 4291 von
1301 4237 1422 4306 spueret
1437 4234 1520 4289 Hand
1537 4227 1668 4306 ἐκρινεν);

369 4339 397 4376 es
414 4323 490 4378 kann
504 4321 606 4392 jedooh
624 4323 787 4397 παρέδωκεν
805 4343 853 4380 εον
871 4325 934 4380 dem
945 4323 1176 4393 vorangehenden
1188 4321 1258 4375 dazu
1275 4319 1394 4390 gedwht
1404 4319 1521 4382 werden,
1539 4317 1596 4389 vgl.
1606 4319 1668 4374 Ruf.

368 4424 394 4460 u.
407 4406 456 4461 Mt
468 4409 500 4462 27
506 4425 514 4462 ι
527 4409 543 4462 2
560 4410 609 4464 καλ
626 4408 772 4482 παρέδωκε
790 4407 914 4484 mam.
942 4409 1020 4464 Ναοῦ
1038 4404 1194 4463 ἀπόστολοι
1211 4405 1249 4460 ist
1264 4405 1331 4460 aber
1342 4403 1439 4474 gewiss
1455 4403 1500 4458 oin
1511 4403 1593 4458 Wort
1609 4420 1668 4458 aus-

369 4490 497 4560 gefnllen.
531 4491 605 4548 Rufi:
636 4495 762 4548 αεειαιενι
788 4494 821 4549 ω’.
855 4493 967 4549 Sohn'eb
995 4493 1043 4547 der
1068 4491 1141 4546 Verf.
1168 4489 1310 4546 vieneioht
1339 4493 1470 4560 παρῆσαν
1497 4485 1594 4560 αὐτῷλ
1626 4486 1669 4542 Ob

368 4573 508 4644 κατέσχον
529 4575 631 4648 richtig
648 4579 697 4644 ist,
719 4579 777 4634 und
798 4596 855 4634 was
871 4578 933 4633 Rus.
951 4577 1004 4633 mit
1022 4577 1172 4631 »clamare«
1191 4575 1331 4630 fibereetzt
1347 4575 1408 4637 hat,
1429 4571 1506 4626 kann
1526 4572 1572 4626 ioh
1593 4571 1670 4626 niohss

370 4658 518 4715 ermifiteln.
1636 4689 1641 4700 ·
