3744 5528
356 505 417 566 210
912 491 1102 546 Adamantius.
1252 491 1293 546 Do
1310 491 1339 545 la
1356 456 1415 547 ssu'e
1433 491 1458 546 V
1475 493 1658 550 8602-8610

356 667 458 748 μίαις,
487 654 572 730 άλλὰ
598 655 639 728 τό
662 660 699 726 ἐν
720 672 794 736 ταῖς
820 657 1116 743 αλμορραγίαιςΠ
1100 683 1184 727 ενιοι
1206 660 1242 725 δὲ
1263 660 1337 725 τών
1358 651 1559 744 ἀνθρώπων
1578 653 1658 728 καθ’

357 761 501 830 ἕκαστον
521 753 678 828 ἐνιαυτὸν
695 753 1004 843 φλεβοτομοῦμενοι
1019 759 1217 844 ἐκκρίνουσα.
1253 760 1379 843 λεγέτω
1395 747 1458 827 οόν
1478 783 1536 844 μοι
1556 774 1659 828 ποῖον

357 857 436 947 αἷμα
458 862 697 927 συνανίσταται
719 861 770 944 τῷ
792 849 981 942 άνθρώπῳ.

439 962 505 1027 ΑΔ.
550 952 598 1026 Οό
624 953 666 1026 τό
694 954 933 1043 γονιμώτατον
958 960 1015 1024 καί
1040 951 1160 1040 κόριον
1185 953 1265 1043 αἷμα
1291 959 1500 1042 ἐκκρίνουσιν
1527 957 1559 1026 ολ
1582 966 1659 1042 φλε-

322 1067 338 1120 5
355 1054 609 1145 βοτομούμενοι,
632 1050 720 1127 άλλά
742 1051 784 1124 τό
807 1049 918 1125 νόθον
932 1059 989 1124 καὶ
1006 1057 1217 1138 ἐπείσακτον,
1240 1057 1365 1126 ἐκτῶν
1383 1061 1501 1144 χυμῶν
1515 1051 1660 1144 ἐπιγινό-

355 1182 470 1241 μενον,
493 1147 577 1225 ὅθεν
596 1160 652 1225 καί
673 1159 711 1224 ἐν
733 1170 808 1234 ταῖς
829 1155 1059 1241 αλμορραγίαις
1080 1158 1250 1245 προπηδᾷ,
1273 1149 1335 1224 οῦκ
1358 1147 1399 1224 όν
1421 1153 1659 1243 γονιμώτατον

356 1251 434 1325 οῦδὲ
467 1253 594 1341 κόριον.
637 1251 692 1324 διά
722 1257 829 1324 τοῦτο
859 1259 914 1321 καὶ
949 1255 981 1322 οἱ
1014 1257 1076 1341 τῆς
1107 1257 1259 1342 ἰατρικῆς
1293 1249 1479 1343 ἐπιστήμης
1513 1259 1659 1342 μέτοχοι.

287 1373 337 1428 861
356 1349 482 1436 εἰδότες
504 1351 545 1424 τό
574 1358 610 1424 ἐκ
636 1359 711 1423 τῶν
735 1356 852 1440 χυμῶν
879 1355 1080 1422 ἐπείσακτον
1107 1348 1372 1440 ἐρυθαινόμενον
1392 1359 1449 1424 καί
1467 1361 1471 1439 ί
1491 1347 1660 1442 ὁμόχρουν

356 1449 534 1541 γινόμενον
561 1459 612 1542 τῷ
641 1455 769 1541 αἵματι,
797 1447 838 1521 οό
859 1449 926 1540 μὴν
945 1451 1186 1540 γονιμώτατον
1208 1443 1262 1536 όν,
1290 1457 1507 1540 ἐπιτηροῦσιν
1528 1455 1565 1523 ἐν
1586 1470 1660 1532 ταῖς

305 1566 338 1620 10
357 1557 595 1640 φλεβοτομίαις
610 1544 696 1622 όταν
709 1555 904 1639 ἐκκρίνηται
917 1556 989 1622 πᾶν
1002 1548 1044 1622 τό
1060 1547 1180 1635 νόθον,
1202 1548 1243 1622 τὸ
1262 1548 1446 1640 λεγόμενον
1458 1555 1575 1639 μέλαν·
1597 1557 1661 1622 τοῦ

356 1658 391 1722 δὲ
413 1657 545 1738 ξανθοῦ
565 1657 620 1720 καί
643 1647 883 1739 γονιμωτάτου
897 1647 1149 1738 προκόψαντος,
1172 1647 1275 1733 εὐθὺς
1297 1647 1451 1734 στάλσεις
1467 1656 1659 1734 ποιοῦνται,

355 1748 477 1840 μήπως
498 1755 657 1839 ἐκρεῦσαν
680 1748 721 1821 τὸ
742 1747 882 1838 γόνιμον
902 1746 1041 1836 διαλύσῃ
1062 1747 1104 1820 τό
1127 1755 1227 1835 ζῶον.

437 1858 559 1919 EYTP.
601 1846 853 1938 Ἀνεπιστὴμων
873 1843 1038 1935 πρότασις
1066 1846 1110 1920 τά
1132 1845 1222 1920 νόθα
1243 1856 1300 1919 καί
1322 1847 1364 1920 τά
1388 1853 1426 1920 ἐκ
1447 1853 1509 1938 τῆς
1529 1853 1661 1938 τροφῆς

355 1955 536 2020 ἐπείσακτα
558 1955 666 2020 ταῦτα
688 1947 787 2038 κόρια
808 1953 864 2017 καί
886 1947 1106 2038 γονιμώτατα
1126 1945 1388 2037 ῦπολαμβάνειν·
1414 1953 1661 2036 είσπεμπομένη

306 2069 337 2122 15
356 2048 419 2138 γὰρ
442 2045 463 2137 ἦ
485 2047 597 2138 τροφὴ
619 2053 665 2130 είς
687 2045 728 2119 τὸ
752 2051 851 2118 ἔνδον
871 2053 926 2116 καί
947 2053 1136 2137 χολουμένη
1159 2045 1207 2137 πη
1228 2054 1290 2136 μὲν
1305 2053 1351 2132 είς
1373 2045 1463 2137 αλμα,
1485 2045 1533 2137 πη
1556 2053 1591 2118 δὲ
1613 2052 1660 2129 είς

356 2154 496 2237 φλέγμα,
518 2146 566 2236 πὴ
589 2151 624 2216 δέ
647 2152 694 2230 είς
714 2152 826 2218 σίελον
848 2149 1044 2236 ἐκκρίνεται.
1081 2143 1239 2228 ἐάσαντες
1261 2138 1325 2219 οῦν
1346 2147 1390 2219 τὰ
1411 2145 1519 2238 ἄκυρα
1541 2149 1595 2218 ἐπὶ
1617 2146 1661 2217 τά

356 2246 546 2335 κυριώτερα
570 2250 697 2318 ἔλθετε.

438 2352 541 2415 ΜΑΡ.
576 2341 608 2415 ‘O
624 2344 824 2467 άνθρφπος
826 2349 863 2416 ἐκ
877 2350 938 2434 γῆς
957 2352 1012 2415 καί
1026 2339 1152 2428 ῦδατος
1172 2354 1230 2416 καὶ
1249 2343 1358 2432 πυρός
1378 2353 1434 2417 καί
1450 2343 1547 2432 άέρος
1568 2349 1661 2416 συνέ·

318 2463 489 2534 υστηκεν·
511 2437 661 2518 ἐπάν
621 2473 684 2516 ουν
707 2439 867 2531 άποθάνγγ
888 2451 945 2515 καί
964 2451 1120 2564 διαλυθῇ,
1142 2440 1266 2533 ἑκάστη
1287 2440 1383 2516 οῦσία
1404 2443 1446 2516 τό
1468 2440 1598 2517 ἰ’διον’
1577 2473 1660 2516 απο·

304 2558 339 2614 20
356 2541 515 2634 λαμβάνει
528 2549 802 2666 συγκιρνιομένη,
833 2541 972 2616 οίον
935 2572 977 2614 το
1004 2549 1068 2615 τοῦ
1093 2540 1201 2633 πυρὸς
1226 2550 1328 2663 μέρος
1353 2542 1396 2615 τὸ
1421 2551 1502 2633 πῦρ,
1533 2542 1662 2615 τὸτοῦ

355 2637 480 2727 ῦδατος
500 2641 542 2714 τό
564 2639 671 2762 ῦδφρ,
698 2643 740 2715 τὸ
767 2648 831 2714 τοῦ
857 2637 1001 2766 άίρφς
982 2672 1001 2713 ο
1029 2640 1108 2732 άήρ,
1137 2643 1178 2716 τό
1201 2649 1263 2733 τῆς
1285 2649 1345 2734 γῆς
1366 2640 1387 2733 ἡ
1409 2649 1460 2764 γῆ..
1501 2649 1577 2726 πῶς
1599 2634 1661 2716 οὖν

355 2749 392 2816 ἐν
423 2751 467 2832 τῇ
497 2739 677 2816 ἀναστάσει
707 2740 855 2814 δυνατὸν
882 2739 989 2813 αὐτόν
1020 2741 1084 2814 τόν
1109 2741 1302 2831 ἄνθρωπον
1331 2739 1519 2833 άναστῆναι
1546 2734 1587 2814 οῦ
1617 2742 1661 2814 τά

355 2850 438 2933 μέρη
462 2840 670 2933 συνεκράθη;
692 2840 807 2930 ώσπερ
830 2846 915 2930 [γάρ],
938 2845 967 2912 εἴ
988 2869 1039 2923 τις
1060 2839 1167 2913 οἶονέ
1151 2841 1342 2933 ἐνπελάγει
1356 2838 1533 2932 θαλάττης
1547 2847 1662 2930 ἐκχέας

355 2937 446 3030 ὕδωρ
472 2939 514 3014 τὸ
541 2938 625 3014 αῦτὸ
655 2933 755 3022 αὖθις
782 2938 1050 3063 ἀνακομίσασθαι
1079 2947 1340 3028 διαβεβαιοῦται,
1371 2948 1435 3014 τοῦ
1463 2939 1661 3034 πράγματος

304 3060 338 3116 25
356 3039 618 3123 ἀδυνατοῦντος.
653 3037 782 3130 άνάγκη
796 3047 880 3129 γοῦν
901 3035 1044 3111 άλλον’
1024 3036 1097 3112 αντ’
1121 3039 1229 3113 ἄλλου
1243 3041 1435 3132 ἄνθρωπον
1450 3038 1661 3114 ἀνίστασθαι.

438 3146 504 3210 ΑΔ
540 3138 694 3228 Σφόδρα,
716 3168 803 3210 κατα
790 3138 863 3222 σέ,
886 3139 1117 3260 δυνατώτεροι
1133 3144 1166 3212 ολ
1181 3139 1365 3264 άνθρφποι
1385 3147 1450 3213 τοῦ
1470 3146 1556 3212 θεοῦ
1576 3144 1662 3212 δείκ·

323 3269 489 3324 ονυνται,
520 3246 575 3310 καί
597 3237 758 3328 περισσὸν
780 3237 820 3310 τὸ
843 3245 952 3326 λέγειν
974 3237 1037 3310 τὸν
1059 3263 1211 3330 σωτηρα·
1242 3241 1291 3313 τὰ
1313 3237 1401 3330 παρ’
1424 3239 1663 3330 ἀνθρώποις

355 3337 532 3411 άδῦνοιτα
552 3337 660 3425 παρὰ
682 3343 737 3427 τῷ
759 3345 841 3428 θεῷ
864 3335 1025 3410 δυνατά.

439 3445 541 3508 ΜΑΡ.
583 3446 663 3521 Πώς
685 3443 767 3508 εἰσιν
788 3439 821 3508 οί
842 3435 1024 3526 άνθροοποι
1047 3444 1110 3510 τοῦ
1131 3445 1217 3514 θεοῦ
1240 3440 1485 3526 δυνατώτεροι;

303 3551 338 3605 30
437 3544 504 3607 ΑΔ.
543 3539 581 3608 Οί
603 3536 787 3624 άνθρώποι
807 3543 869 3625 μὲν
891 3536 953 3626 γάρ
977 3539 1072 3609 οίνον
1093 3531 1192 3610 ῦδατι
1216 3545 1451 3628 συγκραθέντα
1470 3546 1660 3628 χωρίζουσι,

438 3692 537 3761 τιμε]
557 3693 602 3747 ιε.
616 3691 713 3746 18:27.

439 3810 458 3865 4
479 3806 518 3864 Οὐ
534 3808 567 3865 τὸ
585 3828 679 3880 γονιμ.
692 3841 724 3848 -
739 3809 777 3866 12
796 3811 880 3883 ζῷον]
899 3811 992 3869 neth.
1003 3811 1039 3867 Β.
1053 3811 1083 3868 8.
1099 3811 1159 3867 212
1177 3811 1203 3868 δ,
1222 3811 1289 3866 slav.
1301 3800 1397 3866 Ubera.
1413 3813 1417 3880 Ι
1432 3811 1451 3867 θ
1470 3807 1660 3882 ἐπιτηροῦσιν]

357 3895 515 3949 »οῦιενιιοιιί
533 3895 636 3948 intento
653 3895 745 3948 συιιίοι
764 3894 834 3958 Rufi,
853 3891 1025 3964 ἐπιχειροῦσι
1043 3896 1068 3949 d.
1086 3896 1157 3951 Hss.
1175 3913 1201 3951 u.
1216 3899 1319 3966 Ausgg.
1335 3899 1339 3965 1
1355 3892 1385 3951 ἐν
1404 3914 1458 3950 von
1476 3894 1557 3960 Jahn,
1575 3893 1661 3948 Meth.

354 3982 380 4035 S.
393 3982 464 4036 9911.
478 3998 501 4032 v.
514 3979 609 4034 Bonw.
622 3996 646 4032 a.
660 3996 684 4034 a.
697 3977 727 4032 0.
741 3978 862 4049 gehilgtl
879 3980 918 4035 10
937 3974 1017 4048 ὅταν]
1036 3979 1109 4034 Jahn
1126 3998 1152 4033 u.
1164 3981 1195 4034 B.
1209 3997 1233 4034 υ.
1245 3998 1270 4037 a.
1283 3980 1327 4035 0.:
1346 3973 1403 4036 ἐστ’
1420 3975 1457 4036 ἂν
1471 3983 1476 4048 l
1491 3975 1661 4051 ἐκκρίνηται]

354 4065 428 4119 Jahn
445 4081 471 4118 ιι
485 4063 576 4119 Bonw.
589 4082 614 4120 ει.
626 4082 650 4118 α.
663 4062 702 4128 0.,
721 4060 843 4136 ἐκκρίνει
860 4064 939 4130 3¹0¹,
958 4061 1071 4135 ἐκκρίνη
1090 4063 1117 4116 d.
1135 4064 1194 4118 flbr.
1209 4066 1214 4132 1
1231 4064 1270 4121 14
1289 4062 1503 4134 εἰσπεμπομένη
1515 4095 1549 4104 -
1563 4063 1600 4119 16
1618 4058 1661 4118 ἐκ·

352 4150 489 4222 κρίνεται]
507 4149 601 4206 noth.
613 4150 650 4205 Β.
663 4148 693 4207 8.
706 4149 757 4218 80,
767 4150 819 4221 81,
828 4149 889 4205 208
901 4148 927 4204 d.
940 4148 1007 4203 slav.
1020 4136 1115 4203 Ubere.
1131 4151 1135 4216 Ι
1153 4148 1190 4204 16
1209 4145 1375 4224 ἐκκρίνεται]
1395 4147 1577 4204 ›summanr‹
1596 4145 1660 4212 Pia,

356 4234 540 4289 »πιστοῦνται
560 4233 665 4288 Humfr.
684 4233 753 4298 Per„
771 4231 893 4308 ἐκκρίνει
911 4234 937 4287 d.
955 4233 1025 4287 Hss.
1047 4234 1051 4301 Ι
1073 4234 1111 4289 18
1130 4229 1146 4288 ὁ
1165 4228 1322 4306 ἄνθρωπος
1339 4227 1406 4302 επὶ]
1425 4233 1505 4288 Dione
1522 4231 1596 4285 Rede
1614 4230 1661 4285 des

353 4321 423 4374 Mar.
444 4319 482 4373 ist
504 4319 549 4373 ein
566 4322 678 4389 Auszug
701 4336 749 4372 aus
767 4317 816 4373 der
836 4319 911 4374 Βεδο
933 4317 980 4372 des
998 4317 1111 4372 Proclus
1131 4318 1178 4372 bei
1195 4318 1288 4375 noth.
1299 4318 1336 4374 Β.
1349 4317 1379 4374 8.
1393 4316 1518 4386 84-86,
1539 4315 1597 4368 und
1615 4315 1661 4370 dee

354 4403 509 4459 Momianus
526 4403 570 4460 lb.
582 4403 613 4460 8.
625 4402 687 4459 244
702 4405 707 4471 Ι
723 4402 761 4459 19
780 4401 1042 4475 ἀπολαμβανομένη
1060 4403 1095 4456 Βι
1110 4403 1115 4470 Ι
1130 4401 1171 4457 20
1191 4398 1402 4475 συγκιρνοιμένη
1424 4401 1529 4465 ABER,
1551 4415 1661 4470 συγκιρ-

356 4509 414 4558 ναμ
416 4487 508 4557 ί.νηδ
526 4487 585 4540 ssbr.
601 4488 658 4555 121
679 4487 695 4556 γ
679 4506 749 4557 γη
768 4487 911 4543 ABCDFH
929 4487 1005 4557 Conj.
1018 4486 1138 4553 Wettst„
1158 4489 1207 4542 καί
1224 4506 1260 4557 γη
1279 4487 1304 4540 d
1320 4487 1380 4542 ilbr.
1395 4485 1454 4554 128
1472 4482 1527 4556 γάρ
1545 4493 1579 4543 <
1596 4483 1661 4548 MC,

354 4592 387 4643 γε
400 4575 494 4628 Bonw.
507 4572 592 4626 Meth.
606 4573 631 4627 8.
644 4573 702 4638 244,
715 4575 795 4627 Anm.
811 4573 815 4640 ί
831 4571 872 4627 24
884 4574 1076 4645 διαβεβαιοῖτο
1089 4570 1165 4640 Conj.
1178 4571 1300 4626 Jahnsa.
1312 4589 1336 4627 υ
1346 4571 1376 4626 0
1393 4572 1396 4640 Ι
1413 4569 1492 4626 80ss
1510 4565 1539 4624 οί
1550 4563 1660 4640 ἄνθρα-

354 4654 600 4724 ποι-εποιεῖσθαι]
614 4643 1505 4725 Vg1.n0th.13.s.245d.slavUbers„d1eab0rv101knrzer1s†„
1517 4669 1544 4707 u.
1554 4653 1585 4710 S.
1590 4652 1661 4710 216.
