3744 5528
340 501 398 563 190
893 495 1082 552 Adamantius*
1281 496 1321 553 De
1337 496 1368 552 1ο
1383 500 1443 555 Rue
1459 497 1499 554 IV
1515 499 1644 555 8550-e„

306 678 322 716 θ
340 664 444 743 δεῖξαι
465 663 584 731 θέλων
610 669 666 732 καὶ
693 662 734 733 τὸ
762 660 943 752 ἄτρεπτον.
986 655 1129 750 ἀληθῶς
1150 659 1212 748 γάρ
1239 654 1258 731 ά
1279 660 1428 746 καταβάς
1450 656 1553 744 αάτάς
1573 664 1644 732 έστι

341 766 397 829 καί
418 755 438 830 δ
460 753 595 844 ἀναβάς,
618 756 718 831 οὐδὲν
740 760 826 834 ἀλλο
848 759 1029 851 γενόμενος
1049 755 1129 848 παρ’
1152 752 1170 831 ό
1193 750 1246 849 ῆν,
1269 757 1359 844 θεός.

424 865 546 928 ΕΥΤΡ.
582 850 693 931 Αὗται
712 865 745 931 αί
760 858 872 950 ῥήσεις
885 867 937 949 τῷ
953 853 1024 950 ὅρῳ
1038 855 1259 949 Ἀδαμαντίου
1280 867 1530 950 συντρέχουσιν·
1551 853 1645 950 ὅμως

341 962 378 1028 δὲ
397 957 561 1047 βούλομαι
583 966 658 1044 περὶ
680 957 806 1031 τούτου
827 955 1040 1050 ἀμφοτέρους
1062 953 1249 1047 ὁρίσασθαι.

222 1091 226 1098 -
306 1069 322 1122 5
422 1063 489 1127 ΑΔ.
509 1052 542 1126 Ὁ
558 1062 620 1128 τοῦ
629 1063 715 1128 θεοῦ
724 1055 825 1147 λόγος
839 1060 1023 1131 κατελθών
1032 1055 1194 1144 ἀνέλαβεν
1203 1057 1392 1148 ἄνθρωπον
1400 1055 1459 1131 ἀπ’
1475 1055 1644 1148 ἀχράντου

340 1161 518 1244 παρθένου
533 1163 665 1242 Μαρίας
686 1161 724 1227 έν
745 1155 864 1249 μήτρᾳ,
886 1164 942 1227 καὶ
955 1164 1125 1246 γεννᾶται
1139 1153 1159 1230 ά
1175 1156 1323 1249 Χριστὸς
1341 1165 1447 1248 χωρίς
1468 1168 1645 1242 συνουσίας

342 1251 473 1343 ἀνδρός,
495 1262 551 1327 καὶ
575 1247 677 1338 οὗτος
699 1251 718 1328 ά
741 1264 885 1346 ληφθείς
906 1252 975 1329 ἀπὸ
992 1265 1124 1346 Μαρίας
1146 1261 1184 1329 έκ
1199 1256 1392 1349 πνεύματος
1412 1253 1521 1348 άγίου,
1543 1251 1645 1341 οὗτος

341 1352 496 1444 ὑπέμεινε
518 1352 634 1427 πάντα
656 1354 699 1426 τά
721 1352 926 1445 ἀνθρώπινα
948 1355 1055 1447 πάθη,
1078 1361 1133 1428 ίνα
1154 1357 1218 1430 τόν
1240 1356 1432 1446 άνθρωπον
1453 1357 1553 1446 σώση.

425 1461 528 1526 ΜΑΡ.
551 1463 687 1543 [Καλῶς]
725 1453 922 1544 Πάσχοντος
943 1448 1006 1528 οὖν
1021 1461 1084 1528 τοῦ
1099 1453 1291 1546 ἀνθρώπου
1305 1463 1482 1549 συμπαρῆν
1503 1453 1523 1530 ά
1544 1453 1645 1546 λόγος

291 1549 364 1644 1οῆ
386 1546 442 1638 οό;

425 1661 545 1723 ΕΥΤΡ.
587 1647 711 1725 Ἐκθοῦ
732 1662 876 1744 πρώτον
897 1654 963 1727 τόν
985 1649 1076 1744 άρον.

306 1762 323 1816 d
424 1759 491 1824 ΑΔ.
526 1753 757 1844 Συγχώρησον
776 1761 920 1845 πρώτον
941 1753 1006 1844 τῆν
1028 1749 1206 1844 ἀπόκρισιν
1228 1754 1293 1844 τῆν
1313 1752 1400 1841 πρὸς
1422 1751 1529 1827 αὐτόν
1548 1751 1645 1844 ποιῆ-

342 1863 481 1937 σασθαι,
509 1847 573 1922 εἶθ’
596 1845 709 1937 οὕτως
737 1857 899 1924 ἐκθέσθαι
926 1852 991 1925 τὸν
1017 1848 1108 1942 όρον.
1151 1859 1330 1943 συμπαρῆν
1351 1860 1413 1944 μὲν
1435 1848 1454 1926 ό
1477 1859 1540 1925 τοῦ
1560 1860 1646 1926 θεοῦ

343 1948 445 2041 λόγος
465 1958 516 2040 τῷ
539 1945 733 2042 ἀνθρώπῳ,
762 1947 837 2025 ἀλλ’
859 1949 921 2024 οάκ
941 1949 1104 2043 η’δικεῖτο,
1132 1949 1247 2042 ὥσπερ
1271 1949 1398 2042 ἀδάμας
1419 1949 1486 2025 ἀπὸ
1508 1951 1647 2043 σιδῆρου

292 2064 325 2117 15
342 2046 526 2137 παιόμενος
541 2073 630 2134 σωος
644 2056 745 2140 μένει,
768 2051 975 2124 τοάναντίον
989 2049 1234 2138 ἀντιβλάπτων
1248 2051 1313 2123 τὸν
1327 2056 1496 2124 ἐθέλοντα
1509 2049 1644 2142 βλάψαι,

344 2145 431 2223 ἀλλὰ
452 2157 508 2220 καὶ
531 2145 551 2239 ῆ
574 2145 737 2238 ἀμίαντος
756 2159 807 2243 τῷ
822 2160 903 2241 πυρί
917 2157 1179 2242 παραδιδομένη,
1202 2149 1396 2241 ἄθραυστος
1410 2157 1466 2222 καὶ
1481 2150 1646 2240 ἄχραντος

345 2255 497 2340 διαμένει,
519 2245 619 2321 οὐδέν
639 2246 849 2342 ἀδικουμένη.
891 2248 966 2324 ἀλλ’
987 2247 1067 2322 οὐδὲ
1088 2250 1129 2323 τό
1151 2257 1219 2340 πῦρ
1241 2247 1308 2322 ἀπὸ
1331 2247 1507 2339 φασγάνου
1528 2249 1646 2341 τεμνό-

342 2377 447 2439 μενον
465 2353 650 2438 διαιρεῖται,
674 2347 695 2440 ῆ
715 2350 777 2441 γὰρ
792 2349 966 2439 πυκνότης
988 2357 1050 2422 τοῦ
1071 2348 1186 2439 πυρός,
1210 2356 1256 2434 είς
1278 2347 1386 2441 αδτῆν
1408 2346 1645 2439 ἀνατρέχουσα,

345 2445 533 2535 ἀδιαίρετος
553 2455 653 2538 μένει.
689 2456 718 2521 εί
740 2443 802 2523 οὖν
817 2452 851 2521 αί
871 2444 949 2522 ὕλαι
964 2448 1051 2539 πρὸς
1074 2451 1191 2539 ἑτέρας
1211 2443 1294 2532 ὕλας
1309 2448 1350 2522 τό
1372 2450 1509 2520 ἑαυτῶν
1523 2455 1646 2534 σθένος

292 2565 327 2622 20
343 2551 586 2634 ἐνδείκνυνται,
618 2547 842 2642 ἀναλωθῆναι
867 2550 912 2641 μῆ
939 2547 1131 2640 δυνάμεναι,
1162 2555 1238 2633 πώς
1268 2545 1341 2638 οάχὶ
1370 2555 1503 2638 μᾶλλον
1533 2543 1552 2620 δ
1583 2555 1647 2621 τοῦ

310 2654 428 2718 εθεοῦ
449 2645 565 2737 λόγος,
593 2647 752 2734 ἀπαθοῦς
772 2658 828 2722 καί
851 2647 1024 2739 ἀτρέπτου
1045 2647 1180 2737 φάσεως
1202 2645 1261 2733 ών,
1285 2650 1413 2737 ’ἔμεινεν
1433 2644 1580 2738 ἀπαθής,
1603 2648 1646 2720 τά

342 2743 439 2834 πάθη
466 2742 674 2833 ἀναλίσκων·
707 2754 735 2821 εί
765 2757 800 2823 δὲ
825 2749 952 2836 βούλει,
984 2745 1208 2838 ἀναγινώσκω
1240 2745 1280 2820 τὸ
1312 2743 1504 2837 εὐαγγέλιον
1528 2740 1584 2818 ότι
1609 2749 1646 2819 ἐκ

343 2854 475 2933 Μαρίας
496 2853 698 2936 γεγέννηται.

427 2951 530 3018 ΜΑΡ.
558 2953 624 3016 Καὶ
640 2943 731 3037 ἡμεῖς
747 2943 979 3037 ὁμολογοῦμεν
994 2941 1049 3019 ὅτι
1064 2945 1119 3018 διά
1130 2955 1270 3034 Μαρίας,
1286 2942 1360 3018 ἀλλ’
1376 2942 1439 3016 οάκ
1453 2950 1490 3018 ἐκ
1505 2953 1645 3033 Μαρίας.

294 3057 327 3114 25
346 3042 460 3134 ὥσπερ
483 3044 545 3136 γάρ
567 3038 661 3136 άδωρ
682 3046 737 3119 διά
757 3054 912 3137 σωλῆνος
935 3052 1111 3137 διέρχεται,
1133 3051 1237 3136 μηδεν
1257 3043 1528 3136 προσλαμβάνον,
1551 3038 1644 3118 οότω

345 3151 400 3215 καί
423 3140 442 3215 δ
466 3143 566 3233 λόγος
588 3145 644 3216 διά
666 3154 798 3237 Μαρίας
819 3155 874 3218 καί
896 3143 958 3218 οάκ
980 3150 1017 3218 έκ
1039 3154 1180 3235 Μαρίας.

428 3249 494 3313 ΑΔ.
537 3242 737 3334 Πράσταξον
759 3243 1024 3335 ἀναγνωσθῆναι
1047 3243 1087 3317 τό
1109 3243 1313 3335 εὐαγγέλιον.

428 3351 492 3413 ΕΓ
492 3352 550 3414 ΤΡ.
592 3340 873 3436 Ἀναγνωσθὴτω.

430 3448 496 3514 ΑΔ.
517 3439 753 3533 Ἀναγινώσκω
768 3452 844 3527 πώς
859 3439 877 3516 ό
894 3443 1034 3536 ἅγγελος
1049 3445 1134 3534 πρὸς
1149 3444 1215 3536 τ’ῆν
1230 3451 1365 3532 Μαρίαν
1380 3450 1479 3533 λέγει·
1494 3449 1648 3532 πνεῦμα

295 3559 329 3616 30
346 3535 462 3632 άγιον
487 3542 746 3616 ἐπελεύσεται
772 3550 835 3618 ἐπί
864 3551 918 3628 σέ,
949 3552 1012 3615 καὶ
1039 3543 1204 3630 δύναμις
1230 3541 1403 3630 διρίστου
1427 3539 1647 3615 ἐπισκιάσει

430 3729 518 3800 αυτ]
537 3731 582 3785 ει.
601 3732 628 3786 1:
641 3732 683 3787 ευ.

431 3901 449 3955 2
467 3903 516 3955 καί
535 3895 551 3956 δ
570 3897 687 3973 ἀναβάς]
706 3899 860 3966 ACDFGH,
877 3903 927 3956 καί
944 3910 977 3960 <
989 3901 1015 3956 d.
1028 3900 1087 3955 flbr.
1103 3903 1107 3968 Ι
1123 3897 1203 3956 οὐδὲν
1221 3895 1290 3956 ἄλλο
1309 3899 1395 3954 A²FH
1411 3900 1473 3956 Rus.
1485 3898 1552 3966 Pia,
1569 3896 1649 3956 οὐδέν

346 3979 432 4051 ἄλλος
448 3987 485 4041 B²
502 3987 544 4053 (w.
563 4002 586 4040 0.
605 3985 671 4053 εοίε)
690 3982 772 4050 CDG,
800 3983 891 4052 οὐδείς
912 3981 998 4052 ἀλλος
1015 3987 1101 4052 ΑίΒί,
1128 3982 1192 4041 οὐδὲ
1209 3979 1295 4050 ἄλλος
1312 3983 1334 4038 Ε
1351 4003 1378 4038 u.
1397 3983 1423 4040 d.
1441 3986 1544 4056 Ausgg.
1567 3986 1572 4052 Ι
1599 3986 1612 4039 ί
1633 3980 1650 4038 ὁ

346 4077 379 4128 <
397 4070 420 4124 Β
444 4069 449 4138 Ι
471 4069 488 4124 8
505 4067 540 4124 τά
559 4081 590 4128 <
609 4071 634 4122 Α
657 4071 662 4138 l
685 4069 705 4124 θ
722 4072 816 4135 καλῶς
834 4072 932 4141 χείιδείι
949 4071 1012 4126 dem
1029 4071 1134 4136 Raude,
1151 4069 1229 4125 nicht
1246 4069 1309 4122 dem
1325 4068 1410 4123 Τειίε
1429 4085 1472 4122 ου.
1508 4067 1652 4124 Emathafn

347 4153 423 4208 kann
435 4171 464 4209 es
476 4153 750 4209 selbstversffindlioh
759 4153 836 4209 nicht
844 4155 967 4224 gemeint
977 4155 1043 4222 sein,
1057 4155 1114 4208 und
1121 4153 1186 4226 jede
1198 4153 1296 4220 honio,
1309 4152 1418 4208 anchin
1430 4152 1478 4207 der
1489 4152 1651 4208 schwachen

348 4237 430 4294 Form
449 4237 526 4292 »Nun
544 4240 607 4309 gut«
627 4237 697 4308 liegt
719 4237 781 4293 dem
801 4238 946 4294 Redenden
968 4239 1005 4294 im
1024 4239 1157 4310 Dialogus
1175 4239 1242 4294 forn.
1278 4237 1314 4292 Es
1331 4237 1379 4303 ist,
1404 4237 1505 4309 glaube
1522 4238 1580 4307 ioh,
1603 4239 1651 4294 dor

347 4323 451 4378 Ausrnf
469 4322 543 4378 eines
565 4323 787 4379 bewundernden
805 4323 898 4378 Lenem
920 4325 977 4378 und
999 4326 1097 4395 gehbrt
1118 4323 1209 4394 einigo
1227 4322 1319 4378 Zeilen
1340 4321 1436 4378 vester
1457 4341 1491 4378 τα
1513 4323 1567 4379 den
1585 4322 1651 4379 Ver-

348 4407 532 4478 gleiohungen
549 4407 601 4463 mit
618 4408 681 4463 dem
699 4407 830 4462 Diamant
845 4407 901 4462 und
920 4409 983 4464 dem
1001 4409 1120 4463 Amiant.
1150 4408 1219 4463 Dass
1237 4407 1321 4463 ostem
1337 4407 1367 4462 in
1387 4407 1471 4462 codd.
1484 4407 1583 4464 Worbe
1599 4407 1652 4462 wie

347 4496 448 4558 καλῶς,
467 4487 581 4566 ὼραίως
597 4493 627 4546 in
644 4492 769 4563 margine
787 4493 964 4563 gesehrioben
981 4493 1101 4560 vundan,
1119 4493 1156 4547 ίεί
1171 4493 1305 4558 bekannt,
1325 4490 1379 4562 vgl.
1392 4492 1518 4547 Badham
1535 4493 1572 4546 ad
1588 4491 1651 4548 Eur.

346 4575 406 4631 Hel.
426 4595 465 4630 vs.
483 4578 557 4643 1059,
578 4577 664 4632 Cobet
681 4576 749 4633 Nov.
767 4576 831 4631 lect.
849 4595 874 4647 p.
886 4579 935 4632 441
951 4578 957 4645 1
973 4578 1012 4634 16
1030 4577 1046 4647 η
1065 4587 1098 4637 <
1115 4576 1163 4632 ΒΕ
1179 4579 1183 4645 ί
1200 4579 1239 4635 18
1257 4573 1359 4645 ἑαυτὴν
1378 4575 1476 4644 Ι)122
1495 4573 1527 4632 ἐκ
1544 4577 1629 4636 <13¹
1647 4577 1651 4638 1

348 4661 387 4716 28
405 4661 557 4732 γεγέννητο
576 4661 703 4716 ABEFH.
