3744 5524
11 557 47 586 ‘-
120 473 124 480 ⁸
211 490 573 564 CaepariIIc21-Illc.
592 494 616 546 1.
717 455 722 464 ‚
813 490 922 562 Dialog.
1458 505 1516 565 115

292 665 346 726 Ad.
367 665 407 726 d:
436 659 523 726 Audi
549 663 580 724 et
604 659 673 742 ipse
698 659 839 726 saluator
863 660 898 726 in
923 662 1088 747 euangelio
1120 663 1197 750 quid
1223 663 1312 728 dicit:
1348 669 1385 732 sa·
1409 672 1516 732 cadas

210 770 281 854 taes
302 762 667 826 macomadiensem
694 770 731 839 ie,
757 783 825 826 erue
850 783 919 826 eum
946 773 972 826 et
996 767 1075 828 ababa
1095 786 1115 826 a
1136 773 1170 829 te.
1211 767 1339 845 Fmpeda't
1360 770 1441 830 caim
1462 771 1516 832 tabi

209 871 242 926 at
261 871 364 944 percat
386 883 486 926 acam
510 863 710 924 membrorum
737 870 861 926 tamam
889 872 917 926 et
944 884 1008 927 aec
1038 885 1125 928 cauae
1153 885 1261 946 corpas
1290 874 1375 930 aaa
1406 876 1451 931 eat
1478 872 1515 933 ia

207 965 373 1042 perennem
392 964 483 1042 ignis.
525 957 609 1035 Quid
629 961 671 1023 ad
691 961 769 1025 haec
789 961 934 1027 uidetur?

175 1070 192 1123 5
291 1083 317 1128 e.
337 1060 464 1130 XXII.
498 1063 587 1124 matr.
608 1063 648 1123 d:
673 1059 870 1144 Megethium
896 1066 928 1126 et
949 1061 1092 1126 Marcum
1120 1065 1152 1126 et
1177 1065 1316 1128 caeteros
1337 1063 1515 1132 istiusmodi

209 1160 367 1246 dogmatis
403 1161 572 1225 sectatores
611 1158 810 1243 insipientiae
845 1159 940 1225 simul
979 1163 1011 1225 et
1044 1160 1242 1246 ignorantias
1281 1162 1374 1230 uideo
1411 1187 1516 1232 errore

209 1264 365 1345 deceptos.
399 1257 503 1324 Multo
519 1257 602 1322 enim
616 1258 844 1324 ueresimiliora
859 1259 1048 1326 Graecorum
1068 1260 1230 1326 continent
1242 1260 1318 1326 ficta
1339 1266 1371 1327 et
1391 1268 1515 1348 tragoe-

209 1360 286 1427 diae.
328 1358 413 1425 Nam
433 1356 627 1442 Megethius,
654 1357 709 1442 qui
730 1358 791 1423 tria
810 1359 965 1443 principia
986 1360 1161 1440 definierat,
1187 1359 1318 1443 bonum,
1343 1363 1461 1430 iustum
1484 1370 1515 1430 et

208 1461 349 1540 malum}
364 1458 445 1524 nihil
470 1457 558 1522 uliud
584 1479 680 1540 quam
700 1457 735 1521 in
755 1457 937 1524 nominibus
960 1458 1169 1524 differentiam
1191 1461 1284 1526 dedit
1328 1460 1407 1527 Cum
1430 1465 1513 1530 enim

160 1573 192 1627 10
208 1559 318 1634 haberi
339 1557 478 1642 coeperit
499 1578 637 1636 examen,
658 1555 714 1620 ille
735 1578 829 1640 quem
851 1556 975 1623 dicebat
995 1557 1115 1623 malum
1135 1558 1248 1624 iustior
1261 1559 1345 1626 iusto
1366 1562 1514 1628 inuentus

188 1671 190 1680 '
210 1663 266 1740 est,
288 1663 319 1724 et
339 1657 583 1742 quemdicebat
602 1655 722 1721 iustum
743 1657 828 1722 bono
850 1656 997 1721 inuentus
1016 1660 1064 1722 est
1081 1657 1256 1743 benignior.
1292 1659 1418 1728 Marcus
1437 1684 1513 1728 uero

209 1761 272 1824 duo
293 1757 448 1848 principia
464 1760 613 1837 statuens,
634 1756 800 1821 malumst
820 1756 947 1837 bonum,
968 1777 1041 1822 eum
1056 1759 1097 1822 ed
1110 1757 1292 1825 conflictum
1308 1766 1436 1826 uentum
1458 1766 1513 1842 est,

209 1857 359 1942 apparuit,
374 1857 494 1923 malum
515 1855 716 1940 principium,
737 1858 823 1939 quod
844 1856 976 1933 dicebat,
999 1860 1031 1921 et
1043 1855 1210 1942 benignius
1232 1880 1300 1924 esse
1322 1863 1353 1924 et
1372 1859 1513 1944 locuple·

209 1959 271 2024 tius
292 1979 329 2024 eo
345 1962 445 2041 'quem
459 1958 579 2022 bonum
598 1956 757 2020 asserebat
771 1957 872 2021 deum.
908 1954 1001 2021 Unde
1022 1956 1100 2021 mihi
1117 1957 1243 2022 uidetur
1263 1957 1320 2022 ille
1341 1959 1408 2025 sola
1428 1965 1515 2026 recta

158 2069 191 2122 15
209 2080 275 2124 esse
298 2056 439 2123 definitio
462 2078 557 2140 quam
577 2056 688 2120 statuit
700 2054 909 2122 Adamantius
932 2058 970 2120 de
985 2078 1048 2121 uno
1063 2058 1122 2122 deo
1142 2062 1280 2123 creatore
1301 2063 1332 2124 et
1351 2059 1514 2126 conditore

208 2156 359 2223 omnium·
375 2157 509 2236 habente
535 2157 668 2220 uerbum
694 2158 727 2218 et
749 2153 907 2238 spiritum,
932 2176 989 2239 per
1015 2177 1109 2239 quem
1135 2160 1168 2221 et
1192 2156 1390 2241 omnipotens
1413 2164 1514 2225 estet

207 2255 375 2341 imperium
389 2255 610 2321 uniuersorum
623 2257 717 2333 tenet,
738 2254 790 2319 cui
804 2253 996 2320 contrarium
1013 2258 1118 2338 potest
1133 2277 1200 2320 esse
1218 2256 1298 2322 nihil
1320 2281 1378 2324 nec
1392 2258 1513 2343 aliquid

207 2355 364 2423 uoluntati
386 2354 453 2420 eius
475 2353 585 2419 obniti.
621 2351 722 2430 Quem
742 2357 829 2419 recta
851 2353 994 2438 sequitur
1013 2354 1145 2419 ecclesie
1166 2377 1248 2438 quae
1270 2356 1385 2422 dicitur
1407 2359 1514 2423 catho-

73 2454 77 2460 ’
206 2457 278 2536 lica,
301 2476 382 2540 quae
404 2452 472 2519 solo
494 2475 603 2518 ueram
624 2452 747 2518 obtinet
768 2457 893 2532 sectam,
916 2455 968 2518 cui
983 2457 1057 2537 opto
1080 2453 1174 2518 etiam
1196 2473 1255 2539 ego
1278 2459 1464 2541 congregari
1482 2462 1515 2524 et

156 2564 190 2618 20
207 2577 289 2621 unus
312 2553 396 2621 effici
418 2575 456 2618 ex
476 2550 525 2618 his
547 2552 603 2637 qui
623 2551 687 2616 iam
709 2556 792 2617 recte
814 2555 852 2616 de
875 2555 932 2618 deo
954 2551 1007 2617 uel
1027 2551 1217 2638 intellegunt
1238 2554 1290 2618 uel
1311 2556 1458 2624 fatentur.

665 2649 799 2722 (Explicit
814 2651 886 2706 liber
903 2651 1054 2720 secundus.)

716 2883 846 2969 (Incipit
867 2882 1003 2970 tertius.)

290 3075 315 3119 a
329 3053 362 3120 Ι.
395 3058 475 3126 (Item
498 3059 669 3126 succensens)
690 3049 832 3116 Marinus
852 3049 1073 3116 Bardesanites
1095 3051 1186 3119 dixit:
1212 3050 1326 3118 Paucis
1352 3052 1511 3120 uolentem

205 3175 256 3217 me
291 3153 450 3235 disputare
484 3152 651 3220 uobiscum
687 3155 719 3217 et
754 3153 871 3234 dogma
906 3149 1106 3215 sanissimum
1142 3152 1361 3219 defendentem
1394 3175 1511 3236 quaeso

154 3259 188 3314 25
205 3251 376 3336 patiemini.

287 3356 373 3417 maa.
395 3357 434 3417 d:
456 3351 519 3416 Dic
540 3369 608 3435 age.

285 3455 427 3516 Murteae
447 3457 487 3517 d.:
523 3449 653 3534 Semper
687 3448 895 3533 simpliciores
930 3448 1048 3534 quique
1088 3449 1210 3516 diuinas
1243 3451 1412 3536 scripturas
1447 3476 1511 3519 non

203 3549 404 3636 intellegrmt,
435 3552 510 3614 dum
542 3571 594 3614 eas
624 3553 778 3615 conantur
809 3548 900 3614 aliter
928 3548 1113 3633 intellegere
1145 3572 1240 3634 quam
1270 3573 1319 3616 res
1348 3553 1452 3636 poscit
1481 3559 1513 3618 et

204 3650 292 3729 ratio,
315 3649 447 3715 diuersis
462 3649 620 3715 erroribus
636 3649 701 3733 (se)
721 3651 872 3714 inserunt
900 3647 1073 3731 Propterea
1087 3649 1179 3732 cupio
1194 3650 1341 3716 audiente
1355 3650 1511 3738 Eutropio

154 3763 187 3817 30
205 3751 368 3816 ostendere
391 3749 462 3834 quis
483 3753 635 3831 nostrum,
657 3750 754 3814 frater
771 3747 951 3828 Adamanti,
972 3749 1006 3813 in
1023 3748 1186 3832 scripturis
1208 3749 1325 3816 diuinis
1346 3752 1511 3817 rectiorem

204 3849 362 3915 tramitem
383 3853 496 3914 teneat.

286 3953 341 4014 Ad.
363 3953 402 4014 d:
431 3948 539 4014 Defini
565 3947 652 4032 prius
680 3947 769 4014 cuius
796 3949 953 4032 dogmatis
980 3953 1116 4013 assertor
1142 3949 1185 4014 sis
1213 3953 1245 4013 et
1269 3971 1390 4032 expone
1415 3949 1510 4015 fidem

203 4053 299 4130 tuam,
319 4053 357 4114 ut
374 4047 510 4114 sciamus
533 4047 671 4132 qualiter
690 4047 786 4112 etiem
800 4047 971 4131 disputatio
994 4046 1089 4130 dirigi
1107 4046 1228 4113 debeat
1262 4048 1380 4113 Diuina
1395 4050 1512 4115 etenim

287 4245 359 4316 bet]
383 4245 448 4304 cod
466 4245 521 4303 uel.
539 4247 613 4300 -B
637 4248 641 4315 Ι
669 4247 683 4301 7
709 4246 775 4302 Cod.
791 4246 988 4302 ueresimiliore
1011 4247 1015 4315 1
1039 4247 1058 4302 9
1081 4244 1246 4316 nominibus]
1270 4245 1336 4302 (lod.
1357 4245 1484 4303 omnibns
1504 4247 1511 4314 Ι

203 4332 243 4389 lt
260 4330 326 4387 Ood.
343 4330 494 4386 habentem
513 4334 518 4398 Ι
539 4331 576 4386 21
596 4327 719 4401 Explicit
735 4331 754 4384 1.
773 4347 825 4386 sec.
855 4332 911 4386 Ino.
929 4333 991 4385 tert.
1026 4330 1106 4385 Disce
1123 4329 1221 4385 Worte
1242 4330 1338 4385 bildsn
1359 4331 1420 4386 eine
1438 4330 1511 4386 Zeile

202 4415 259 4470 und
276 4414 338 4470 sind
354 4413 406 4469 mit
417 4419 492 4471 roten
504 4415 585 4470 ‘linte
596 4415 782 4485 geschrieben.
813 4415 909 4484 (altem
922 4431 1098 4469 succensens«
1116 4415 1153 4470 ist
1164 4415 1263 4486 gewiss
1274 4433 1330 4471 von
1341 4414 1403 4470 auf.
1415 4413 1510 4468 hinzu-

203 4500 307 4571 gefflgt
326 4499 389 4570 vgl
400 4499 498 4569 hints
511 4502 529 4553 4
540 4517 566 4556 u.
579 4501 594 4568 ἓ
609 4503 640 4554 11
651 4503 684 4556 Α.
701 4500 777 4570 -Β)
792 4499 797 4567 1
813 4499 852 4557 28
866 4499 931 4554 Cod.
944 4498 1144 4569 intellegentes.
1170 4500 1282 4571 Caspari
1294 4500 1379 4570 fragt:
1395 4499 1512 4568 ’quique

203 4585 257 4640 diu.
270 4601 389 4640 sennen
406 4583 610 4654 intellegenti«
642 4583 882 4640 Wahrscheinlich
895 4584 1013 4656 richtige
1025 4584 1080 4639 LA.
1098 4586 1166 4639 -B
1181 4585 1186 4656 Ι
1202 4585 1242 4640 29
1260 4583 1325 4640 Cod.
1337 4583 1411 4640 bloss
1425 4583 1510 4638 »inse-

202 4672 291 4723 runt«.
319 4669 485 4723 Incurrunt?

1262 4753 1298 4808 8.
