3708 5498
194 495 302 568 Gupnri
320 495 359 550 IV
376 513 397 550 e.
415 495 439 550 2.
785 496 895 568 Dielog.
1437 505 1493 568 141

193 667 273 750 opud
294 663 535 748 memetipsum
556 663 715 748 requirere
739 668 824 732 unde
849 665 926 732 heee
948 667 1070 744 fierent,
1096 665 1150 732 uel
1175 667 1246 751 quie
1273 670 1355 732 esset
1376 665 1496 749 primus

192 767 301 830 borum
324 767 441 844 motus,
468 784 550 848 quoe
571 763 673 831 uirtus
695 770 777 832 esset
803 788 884 850 quoe
904 768 983 832 haee
1002 766 1146 834 homines
1168 786 1262 852 egere
1283 770 1496 851 perurgueret,

192 865 271 930 unde
293 865 407 930 horum
428 863 618 943 adterendo,
644 863 696 928 uel
721 864 792 950 quis
814 887 924 933 eorum
944 867 1103 952 magister.
1138 865 1224 932 Nom
1254 867 1382 950 quidem
1403 868 1497 930 deum

189 965 290 1030 dieere
312 963 426 1032 horum
446 963 599 1029 foetorem
625 985 690 1030 non
715 965 794 1030 mihi
815 966 982 1032 uidebatur
1007 967 1104 1050 pium,
1129 987 1231 1050 neque
1253 967 1339 1050 quod
1365 965 1495 1049 abipso

158 1063 324 1130 thebesnt
345 1063 562 1142 snbstnntiem,
583 1062 636 1128 nel
657 1067 743 1148 qnod
764 1067 804 1131 eb
825 1065 895 1149 ipso
916 1065 1091 1132 subsistant
1103 1065 1195 1132 muln
1230 1064 1396 1144 Quomodo
1412 1065 1495 1130 enim

189 1163 339 1248 possibile
361 1167 411 1230 est
429 1164 492 1230 hoe
516 1163 570 1230 uel
591 1163 730 1248 cogitare
756 1166 795 1228 de
817 1166 885 1244 deo,
915 1165 998 1248 quie,
1028 1167 1110 1234 siout
1130 1167 1198 1251 ipse
1218 1165 1321 1232 bonus
1342 1169 1398 1246 est,
1428 1165 1496 1230 sine

189 1263 284 1330 dnbio
307 1263 517 1328 othonorum
539 1265 662 1330 ereetor
683 1267 738 1342 est,
759 1263 834 1330 nrsli
856 1267 962 1330 sutem
983 1267 1023 1330 eb
1045 1287 1083 1330 eo
1105 1288 1173 1332 esse
1194 1264 1273 1332 nihil
1295 1267 1407 1348 potest
1434 1263 1496 1330 Sed

188 1385 227 1428 ne
252 1365 392 1448 gaudere
418 1363 546 1447 quidem
576 1361 667 1428 melis
692 1365 805 1447 potest
836 1385 972 1447 qnorum
994 1365 1088 1432 etism
1117 1365 1292 1433 substontie
1314 1365 1343 1430 ei
1373 1385 1495 1430 execre-

189 1461 260 1528 bilis
279 1467 338 1543 est,
359 1467 392 1528 et
409 1461 529 1529 alienos
551 1462 639 1528 dueit
656 1485 676 1526 o
696 1485 729 1528 se
756 1483 864 1530 ornnes
887 1463 943 1546 qui
963 1462 1121 1532 lsetentur
1140 1464 1242 1544 melis,
1268 1485 1321 1530 eos
1341 1485 1418 1530 uero
1440 1465 1497 1548 qui

144 1571 173 1624 10
189 1561 353 1648 refugiunt
378 1561 462 1628 mels
485 1561 622 1628 libenter
649 1561 856 1646 amplectitur.
896 1562 940 1630 Er
970 1568 1129 1649 quomodo
1158 1587 1223 1630 non
1249 1564 1419 1629 absurdum
1449 1567 1497 1630 est

189 1665 279 1728 deum
302 1661 408 1728 dioers
429 1663 542 1730 horum
563 1661 766 1738 eonditorem‚
789 1663 845 1746 qui
867 1665 899 1728 et
919 1663 987 1730 sine
1007 1665 1104 1731 dubio
1119 1669 1283 1730 exeorstur
1303 1663 1384 1729 ists?
1405 1661 1449 1727 Et
1469 1663 1497 1728 si

188 1783 248 1827 non
271 1761 345 1827 uult
373 1761 452 1828 lineo
472 1783 548 1842 esse,
578 1764 737 1846 quomodo
760 1783 867 1827 eorum
898 1769 1021 1830 orentor
1041 1764 1105 1830 diei
1133 1767 1258 1847 petest?
1292 1761 1394 1828 Immo
1420 1785 1495 1830 uero

187 1861 363 1927 imitatores
388 1861 438 1927 sni
463 1883 531 1926 esse
557 1861 645 1945 eupit
671 1882 725 1928 eos
751 1862 807 1946 qui
832 1865 985 1930 ooeedunt
1010 1867 1051 1930 sd
1077 1885 1120 1931 se.
1160 1861 1254 1930 Unde
1280 1860 1493 1928 irrationabile

188 1959 264 2024 mihi
285 1959 415 2026 uidetur
434 1961 513 2028 hese
532 1959 595 2044 ipsi
609 1961 771 2040 esoribere,
792 1959 845 2026 uel
859 1962 900 2026 ob
921 1961 991 2046 ipso
1013 1963 1098 2030 foetu
1111 1963 1222 2041 dieere,
1243 1960 1297 2028 uel
1311 1959 1406 2026 etism
1427 1961 1495 2045 ipso

144 2067 172 2121 ιο
188 2058 373 2144 indulgente
395 2059 573 2126 subsistere.
616 2059 651 2126 si
671 2082 748 2127 uero
770 2062 808 2124 de
829 2083 893 2126 non
915 2063 1112 2128 exstantibus
1136 2063 1214 2128 hoeo
1240 2060 1353 2126 senisse
1374 2059 1498 2126 dicetur

188 2180 259 2224 eum
287 2181 338 2240 eo,
366 2161 451 2244 quod
477 2182 515 2225 er
540 2158 640 2224 nihilo
666 2158 735 2226 fieri
756 2158 878 2244 aliquid
897 2160 1092 2244 impossibile
1115 2167 1174 2242 est,
1200 2162 1310 2246 utique
1335 2159 1498 2226 inuenitur

188 2259 282 2324 etism
304 2257 391 2325 mule
410 2259 480 2343 ipss
502 2259 622 2325 fecisse.
663 2259 731 2324 Ant
757 2262 917 2344 quomodo
944 2281 1139 2345 consequens
1163 2264 1237 2339 eret
1267 2262 1303 2340 si
1332 2281 1405 2326 eum
1432 2281 1496 2326 non

189 2363 301 2434 essent,
329 2380 397 2424 esse
418 2381 455 2424 eo
476 2358 610 2436 lenisset,
635 2380 759 2424 rursum
781 2379 818 2422 es
837 2358 1033 2428 interimeret
1053 2383 1093 2426 ne
1114 2365 1239 2428 essent?
1273 2359 1317 2424 Et
1337 2359 1498 2426 uidebitur

188 2458 366 2524 necessario
394 2458 457 2523 diei
488 2459 561 2542 quie
586 2457 649 2523 tuit
677 2456 848 2541 nliqnsndo
873 2463 997 2544 tempus
1028 2481 1099 2526 eum
1125 2460 1217 2526 melis
1244 2461 1395 2545 gauderet
1421 2460 1496 2524 deus

142 2569 172 2624 20
189 2563 220 2622 et
240 2579 328 2624 nune
348 2579 413 2624 non
433 2557 480 2622 itu
500 2557 603 2636 lseist
625 2561 712 2643 quod
732 2557 811 2624 mihi
830 2557 1026 2642 impossibile
1040 2559 1166 2626 uidetur
1186 2563 1218 2624 et
1237 2557 1332 2624 uelde
1348 2557 1496 2624 indeeens

189 2659 227 2724 de
247 2660 310 2722 deo
329 2657 401 2738 diei,
421 2679 480 2723 neo
500 2656 567 2722 ullo
589 2659 684 2724 modo
705 2658 783 2724 lineo
805 2657 872 2723 sius
893 2661 1023 2724 naturae
1037 2659 1236 2726 conueniunt
1265 2655 1357 2724 Unde
1370 2657 1497 2722 uidetur

188 2757 267 2822 mihi
298 2777 367 2824 esse
388 2755 508 2841 eliqnid
537 2757 599 2841 ipsi
626 2759 835 2836 eoeeternum,
866 2757 956 2823 euius
982 2781 1098 2824 nomen
1127 2759 1169 2824 eit
1195 2757 1335 2837 materie,
1365 2778 1403 2822 ex
1433 2779 1496 2841 quo

189 2857 296 2923 omnis
326 2877 407 2940 qnae
439 2860 514 2922 sunt
542 2855 709 2936 ereeuerit,
741 2860 808 2922 erte
840 2855 1012 2940 sapientire
1047 2857 1244 2942 distinguens
1278 2855 1405 2942 singulo
1444 2856 1495 2922 uel

189 2977 355 3035 exornans,
383 2960 414 3022 et
435 2977 473 3022 ex
493 2957 563 3040 ipso
582 2956 714 3020 materie
733 2955 883 3020 uidentur
903 2977 970 3022 esse
992 2955 1076 3022 mels
1098 2978 1179 3040 quse
1200 2961 1286 3038 sunt,
1315 2955 1398 3040 quie,
1424 2977 1494 3022 curn

142 3065 173 3118 25
189 3056 336 3124 informis
366 3059 448 3122 esset
477 3061 508 3122 et
537 3054 676 3120 inereste
705 3059 801 3138 etque
831 3054 1048 3140 incomposito,
1076 3055 1217 3142 indigere
1246 3055 1315 3122 iriss
1350 3059 1398 3121 est
1432 3055 1495 3138 (et)

190 3177 360 3242 exposeere
381 3177 509 3221 menum
530 3153 659 3220 artificis
681 3153 739 3218 dei.
774 3153 820 3218 At
840 3153 895 3220 ille
916 3177 981 3221 non
1001 3154 1118 3222 inuidit
1138 3155 1292 3222 desiderio
1307 3153 1375 3221 eius
1395 3176 1497 3238 neque

280 4152 327 4216 112
345 4151 410 4208 eod
428 4151 510 4224 primi
521 4151 619 4208 horum
631 4155 729 4208 motus.
759 4149 884 4224 Csspnri:
902 4151 1005 4224 primus
1021 4151 1119 4207 horum
1136 4153 1233 4218 motor,
1251 4151 1308 4206 und
1326 4149 1398 4222 fiugt
1409 4152 1439 4206 in
1451 4149 1499 4207 der

194 4235 278 4292 Note:
296 4235 424 4308 Princeps
436 4237 534 4292 horum
546 4237 657 4292 motus?
685 4240 790 4294 Auctor
801 4235 882 4310 primi
892 4235 990 4292 horum
1002 4235 1113 4290 rnotns‘?
1133 4265 1163 4275 -
1175 4235 1198 4290 B
1213 4237 1218 4303 l
1234 4235 1253 4290 9
1272 4234 1355 4306 ducit]
1370 4235 1434 4292 God
1446 4234 1498 4304 die,

194 4321 247 4376 nrit
266 4339 313 4378 »οι
332 4322 400 4378 eber
418 4321 458 4376 ‚i‹
475 4321 480 4390 Ι
497 4321 534 4378 lo
553 4337 616 4376 enm
633 4338 665 4378 eo
682 4322 733 4377 hot
752 4321 852 4378 keinen
870 4319 945 4376 Sinn.
979 4319 1016 4376 Es
1034 4319 1096 4374 sind
1113 4319 1187 4377 wohl
1205 4319 1302 4376 Worte
1320 4319 1498 4390 ensgeiidlen.

196 4433 228 4444 -
242 4405 264 4460 B
278 4407 283 4474 Ι
302 4403 367 4462 Cod
390 4405 449 4462 fieri
471 4403 577 4476 nliqnid
597 4405 655 4461 lieri
673 4407 679 4474 Ι
700 4408 736 4464 ll
756 4405 823 4478 ipss]
849 4403 997 4462 Vielleieht
1016 4403 1082 4476 ipse.
1100 4403 1169 4460 —B
1192 4404 1197 4471 Ι
1222 4403 1261 4460 18
1280 4403 1345 4458 Cod.
1363 4402 1498 4472 fecissent,

195 4489 248 4544 mit
266 4490 355 4546 sinens
376 4490 466 4546 Strielr
487 4493 568 4546 nnter
593 4509 640 4544 »n«
666 4494 670 4558 Ι
695 4491 735 4547 20
754 4489 819 4548 cor.
837 4489 906 4546 mihi
927 4493 943 4545 δ
965 4489 1039 4558 (est),
1062 4487 1114 4544 mit
1134 4487 1224 4543 einern
1246 4487 1336 4543 Strieh
1358 4491 1471 4543 untere
1493 4492 1497 4558 t

198 4572 235 4629 21
255 4573 320 4630 Cod
332 4573 517 4646 conuenienti
533 4576 572 4632 21
591 4575 656 4632 Cod.
672 4575 833 4646 distingues.
862 4575 918 4630 Der
930 4573 1073 4630 Schressrer
1089 4574 1139 4629 hot
1156 4573 1231 4629 wohl
1248 4589 1400 4644 vergeosen,
1418 4573 1499 4629 einen

198 4657 286 4714 Strieh
302 4657 369 4715 dber
388 4677 434 4716 ›e‹
453 4677 487 4716 nn
504 4663 615 4730 oetion
632 4661 670 4718 25
691 4663 747 4716 »et«
768 4657 838 4716 fehlt
854 4657 893 4713 im
911 4655 977 4715 coe
