3708 5528
193 472 303 544 Casperi
320 473 333 526 1
351 489 373 528 c.
391 474 431 530 20.
450 473 491 528 21.
789 472 897 544 Dielog.
1455 485 1493 544 41

274 662 299 708 c.
321 642 404 710 XX·
446 647 520 722 Meu.
541 647 581 707 ct:
612 639 699 705 Deus
725 640 806 725 legis
832 645 997 706 excaecato
1019 640 1108 708 Isaac
1133 665 1197 709 non
1222 643 1360 709 reddidit
1385 644 1497 708 uisum.

190 740 344 806 Dominus
370 743 475 806 autem
500 745 608 806 noster
632 741 734 806 bonus
758 740 931 806 multorum
953 740 1062 806 oeulos
1084 744 1207 825 aperuit
1227 765 1292 808 non
1313 743 1496 809 uidentium.

273 845 328 906 nu
343 846 382 906 ct:
401 839 532 924 Ignoras
547 839 794 924 dispensationes
809 839 867 904 dei.
903 839 964 916 Qui
978 841 1063 905 enim
1076 841 1222 908 Abrabae
1236 847 1360 926 prester
1373 846 1497 926 tempus

190 941 301 1005 aetatis
327 939 430 1004 filium
455 939 490 1003 in
518 944 677 1005 senectute
705 940 819 1004 hebere
846 941 1058 1036 concessit&
1078 939 1198 1007 Tobiae
1223 941 1359 1006 reddidit
1385 941 1497 1022 uisum,

155 1045 172 1097 5
190 1039 236 1106 uti
257 1062 305 1120 ne,
326 1041 432 1106 omnia
453 1038 611 1105 mirabilis
632 1043 855 1112 enumerantes,
877 1059 1052 1104 sermonem
1074 1041 1293 1124 protrahamus
1314 1042 1348 1106 in
1361 1041 1497 1126 longius,

189 1144 313 1224 poterat
338 1143 370 1204 et
393 1138 482 1205 Isaac
505 1141 609 1205 uisum
635 1139 805 1204 restituere.
848 1136 910 1203 Sed
932 1140 1081 1222 quoniam
1102 1138 1244 1205 futurum
1266 1145 1332 1205 erat
1352 1145 1388 1205 ut
1409 1140 1497 1206 Isaac

189 1239 387 1304 benediceret
406 1237 505 1318 Esau,
530 1238 692 1304 Rebeccae
718 1243 823 1305 autem
847 1239 910 1302 iem
936 1239 1056 1304 dictum
1081 1242 1148 1302 eret
1173 1238 1247 1322 quia
1271 1245 1370 1305 amiur
1390 1246 1498 1306 serum

189 1343 310 1416 mium,
330 1342 458 1422 propter
471 1338 686 1403 testimonium
705 1341 839 1403 duorum
853 1337 1042 1420 populorum
1057 1342 1201 1420 aspectus
1216 1337 1283 1403 eius
1298 1338 1497 1419 suffunditur,

189 1441 225 1502 ut
238 1438 325 1503 fraus
339 1438 486 1503 salutaris
501 1437 559 1502 filii
572 1437 705 1504 iunioris
720 1434 1044 1503 de'benedietionibus
1065 1437 1289 1521 praeripiendis
1308 1442 1378 1504 tuto
1398 1439 1499 1521 possit

138 1539 172 1595 10
189 1537 326 1615 admitti,
354 1537 473 1620 inquo
498 1537 721 1622 praeferendus
746 1536 845 1621 priori
870 1535 989 1620 populo
1015 1535 1140 1621 ingrato
1167 1536 1322 1620 posterior
1347 1533 1497 1602 ecclesiae

189 1635 326 1720 populus
347 1636 550 1702 formabatur.

273 1757 298 1801 c.
312 1737 416 1804 XXI·
445 1741 519 1818 Mep.
533 1740 572 1802 ct:
602 1735 665 1801 Uel
679 1757 717 1800 ex
739 1756 775 1800 eo
791 1738 877 1819 quod
897 1736 931 1799 in
945 1735 1215 1819 persecutionibus
1237 1757 1345 1800 sumus
1367 1757 1497 1818 semper,

189 1834 391 1900 manifestum
409 1835 502 1899 debet
520 1856 586 1900 esse
608 1838 694 1919 quod
712 1834 840 1900 alterius
860 1836 911 1900 dei
925 1856 1042 1916 sumus,
1063 1835 1212 1900 contrarii
1229 1836 1323 1901 huius
1345 1835 1402 1919 qui
1422 1834 1499 1900 fecit

188 1937 342 1999 mundum
369 1939 400 2000 et
426 1935 493 2000 odit
514 1957 571 2000 nos
598 1955 670 2000 cum
691 1955 748 1999 suo
769 1936 896 2001 mundo.
931 1932 1076 2018 Denique
1097 1934 1143 2000 sie
1163 1934 1315 2019 scriptum
1337 1939 1395 2013 est,
1424 1933 1499 2019 quia

140 2043 172 2098 15
189 2057 239 2098 cor
258 2037 338 2114 repis
357 2039 394 2098 ia
413 2057 510 2099 macru
529 2039 576 2099 dei
596 2045 651 2114 eet,
675 2033 768 2099 huius
790 2033 911 2098 scilieet
932 2035 987 2118 qui
1001 2038 1124 2118 praeest
1141 2033 1216 2100 huic
1237 2054 1335 2120 regno
1358 2038 1389 2100 et
1403 2035 1499 2099 habet

190 2133 223 2198 in
244 2155 340 2199 manu
362 2155 419 2198 sua
440 2155 495 2199 cor
514 2133 597 2218 regis
620 2139 651 2198 et
671 2133 802 2199 inclinet
822 2133 902 2198 illud
923 2134 963 2197 ad
984 2136 1235 2218 persequendum
1256 2155 1321 2201 nos.

273 2237 328 2298 Ad„
343 2237 381 2298 et:
406 2231 495 2298 Haec
509 2233 645 2317 quidem,
660 2232 687 2298 si
700 2231 752 2317 (de
766 2253 830 2297 uno
845 2232 952 2316 aliquo
967 2231 1142 2316 tempore*)
1157 2232 1360 2299 commentari
1381 2255 1498 2318 posses,

190 2331 372 2396 uiderentur
400 2332 532 2398 fortasse
561 2333 676 2398 habere
706 2331 827 2416 aliquid
856 2331 1038 2412 uerisimile,
1068 2331 1144 2397 lieet
1171 2331 1264 2397 facile
1293 2333 1388 2398 etiam
1412 2332 1499 2398 istud

190 2435 298 2514 posset
311 2431 443 2498 absolui.
485 2430 580 2497 Nunc
594 2437 699 2496 autem
712 2431 805 2497 ualde
826 2430 1083 2497 inconuenienter
1097 2436 1191 2515 caput
1205 2431 1389 2497 obiectionis
1407 2431 1497 2497 istius

139 2539 173 2596 20
190 2530 358 2613 protulisti.
402 2529 594 2613 (Secundum
619 2531 734 2596 etenim
759 2530 1019 2596 honorationem
1046 2552 1139 2614 quam
1162 2531 1240 2596 diois
1266 2553 1373 2597 omnes
1399 2550 1497 2615 reges,

191 2628 307 2712 quippe
333 2651 468 2714 quorum
494 2631 607 2696 corin
631 2653 727 2696 manu
754 2631 821 2696 eius
846 2628 898 2694 dei
924 2630 966 2695 sit
991 2629 1046 2713 qui
1067 2631 1251 2695 aduersatur
1275 2631 1352 2695 boni
1378 2631 1428 2695 dei
1451 2630 1497 2694 fe·

190 2727 284 2793 mulis
305 2733 337 2794 et
357 2730 445 2796 fauet
464 2729 514 2794 his
536 2729 591 2814 qui
613 2729 663 2795 sui
681 2733 767 2811 sunt,
793 2728 942 2794 deberent
963 2749 1071 2794 omnes
1091 2730 1219 2795 omnino
1241 2731 1388 2814 persequi
1409 2727 1497 2794 Obri-

190 2827 320 2906 stianos,
350 2851 410 2894 nec
438 2821 577 2915 unquam
607 2829 694 2895 aliud
724 2850 816 2914 agere
846 2827 1050 2912 posteriorem
1071 2829 1180 2894 liceret
1201 2851 1295 2914 quam
1317 2828 1383 2913 egit
1402 2828 1496 2912 prior.

190 2923 285 2991 Nunc
315 2933 419 2993 autem
444 2929 588 2994 uidemus
623 2931 707 3012 quod
734 2927 813 2993 alios
844 2930 953 2993 oderat
978 2927 1032 2992 ille
1063 2927 1118 3012 qui
1143 2930 1229 3011 prior
1254 2928 1328 3007 fuit,
1357 2932 1389 2992 et
1418 2927 1497 2993 alios

139 3034 173 3089 25
191 3025 295 3110 diligit
315 3027 374 3092 iste
397 3028 452 3111 qui
473 3049 557 3094 nune
579 3033 634 3095 est.
676 3025 761 3093 Nom
787 3031 819 3092 et
840 3026 941 3110 Cyrus
966 3026 1119 3110 templum
1141 3027 1191 3091 dei
1216 3027 1249 3091 in
1269 3026 1498 3109 Hierosolymis

189 3125 376 3202 aedificauit,
399 3131 485 3212 quod
499 3128 553 3193 alii
566 3127 771 3195 nihilominus
784 3146 875 3211 reges
896 3129 1097 3208 postmodum
1120 3129 1340 3192 destruxerunt
1347 3126 1384 3211 *.)
1415 3126 1499 3203 Quid

191 3229 285 3309 ergo?
314 3224 411 3292 Alius
420 3227 454 3292 in
468 3226 523 3292 illo
539 3232 606 3292 eret
627 3229 712 3306 deus,
734 3225 814 3292 elius
835 3227 869 3290 in
891 3224 981 3290 istis?
1010 3225 1093 3290 Setis
1114 3228 1176 3292 boc
1196 3226 1328 3291 stultum
1351 3232 1405 3292 est.
1437 3225 1498 3291 Sed

190 3346 248 3391 neo
269 3346 327 3390 nos
341 3326 401 3392 soli
421 3327 670 3409 persecutionem
685 3324 882 3410 (patimur*).
923 3324 967 3390 llt
987 3326 1158 3408 prophetae
1180 3328 1288 3390 eadem
1310 3325 1394 3410 passi
1416 3331 1498 3404 sunt,

190 3427 222 3488 et
246 3423 339 3489 multi
361 3447 399 3488 ex
419 3425 496 3507 ipsis
516 3430 670 3509 martyres
692 3425 874 3504 extiterunt,
905 3429 937 3489 et
961 3429 1024 3489 tres
1045 3426 1136 3508 pueri
1157 3425 1341 3508 martyrium
1361 3425 1498 3509 pertule-

139 3531 173 3586 30
189 3527 271 3603 runt,
291 3523 367 3588 licet
387 3523 572 3591 mirabiliter
593 3523 653 3590 Dei
674 3525 791 3590 uirtute
811 3524 937 3590 liberati
957 3529 1038 3590 sunt
1081 3525 1277 3608 (Machsbaei
1298 3530 1403 3590 tamen
1425 3547 1498 3591 con·

189 3627 379 3688 summotum
405 3625 591 3708 martyrium
621 3647 692 3690 cum
721 3623 884 3709 sanguinis
914 3623 1097 3708 profirsione
1128 3624 1327 3710 duxerunt*.)
1376 3624 1438 3691 Sed
1468 3630 1500 3690 et

189 3724 343 3806 propheta
364 3723 453 3788 dicit:
484 3727 611 3807 ‘Ptopter
637 3735 661 3789 te
687 3734 780 3790 morte
805 3729 956 3807 affluenter
982 3734 1041 3789 tote
1067 3729 1120 3790 dee.
1164 3723 1315 3791 Similiter
1340 3729 1499 3790 autemst

276 3855 292 3910 l
318 3853 374 3908 Das
397 3853 494 3910 sweitc
517 3855 576 3908 ›di‹
599 3856 628 3910 in
652 3854 801 3911 »reddidit«
825 3853 862 3909 ist
883 3853 1115 3922 durchstrichen',·
1130 3854 1171 3908 els
1192 3855 1271 3910 httte
1290 3855 1338 3909 der
1356 3855 1499 3910 Schneiber

191 3953 310 4010 »reddit«
330 3955 361 4010 in
378 3955 467 4011 seiner
483 3955 529 4010 Hs.
548 3955 658 4026 gelessn
681 3957 685 4024 Ι
710 3956 727 4011 2
747 3955 813 4011 (lod.
830 3929 919 4010 boiius
936 3937 1029 4011 nister
1048 3957 1052 4024 Ι
1072 3956 1090 4012 b
1111 3973 1174 4010 »ne«
1194 3957 1224 4011 in
1244 3955 1349 4011 ›utine‹
1369 3957 1443 4011 steht
1460 3955 1498 4010 im

189 4038 254 4094 cdd.
271 4039 339 4094 tiber
356 4039 405 4094 der
420 4040 492 4095 Zeile
507 4041 512 4109 Ι
528 4041 546 4098 Β
564 4039 762 4108 testimonium]
781 4039 816 4095 So
834 4040 883 4096 der
899 4040 965 4095 cod.
994 4041 1051 4096 Der
1070 4057 1111 4110 gr.
1128 4040 1199 4096 'l'sxt
1215 4043 1378 4110 μυστήριον,
1396 4043 1497 4109 myste-

189 4123 268 4192 rium,
287 4123 360 4181 obne
371 4123 482 4179 Zweilel
500 4124 549 4180 das
561 4125 673 4180 Rechts.
702 4123 762 4178 ltus.
776 4141 852 4178 muss
869 4122 1027 4197 μαρτύριον
1045 4124 1154 4195 gelesen
1166 4125 1257 4180 beben
1272 4125 1277 4192 1
1292 4125 1311 4180 9
1328 4124 1412 4192 fraus]
1431 4125 1497 4181 God.

189 4207 290 4264 frustra
304 4210 309 4277 1
325 4208 390 4264 (lod.
409 4208 611 4266 bedictionibus
626 4210 630 4277 Ι
646 4210 683 4265 11
708 4207 888 4278 formabatur]
912 4209 947 4264 So
966 4208 1014 4264 der
1030 4209 1096 4267 Cod.
1125 4207 1382 4264 Praeformabaturt
1400 4209 1447 4276 (Μ.
1466 4209 1497 4263 11.

189 4292 313 4368 nnndtig.
339 4323 371 4332 -
390 4292 424 4361 Β)
447 4294 452 4362 Ι
477 4294 514 4349 15
541 4293 586 4358 dei
608 4293 658 4363 est]
682 4292 748 4347 Cod.
771 4291 815 4346 dei
840 4294 928 4354 deest,
952 4293 1003 4347 mit
1025 4294 1115 4351 einem
1137 4293 1228 4348 Strioh
1250 4298 1330 4347 unter
1354 4293 1417 4349 »de«
1442 4310 1497 4348 von

191 4377 296 4432 »deest«
313 4377 372 4445 119
392 4376 457 4432 God.
476 4395 554 4449 posse
568 4379 573 4447 1
588 4378 626 4434 21
648 4376 712 4433 cod.
730 4375 819 4432 bonis.
837 4379 904 4432 -B
925 4379 930 4445 1
949 4377 983 4432 24
1004 4378 1068 4433 God.
1087 4377 1194 4448 sliquos
1211 4377 1309 4434 oderat
1326 4379 1331 4445 Ι
1351 4377 1391 4433 29
1411 4394 1495 4431 »mar-

188 4464 277 4532 tyres«
298 4463 373 4527 -B,
394 4453 862 4531 ›macru‹coc.‘181duxerunt]
886 4461 921 4517 So
939 4461 988 4516 der
1005 4461 1070 4517 Cod.
1100 4461 1252 4517 tulerunt?
1274 4461 1471 4517 Pertulernnt‘t
1492 4464 1496 4529 Ι

190 4545 228 4601 82
248 4545 312 4602 (lod.
331 4547 463 4617 prophete
486 4555 491 4614 ι
514 4546 592 4602 Nach
616 4545 717 4602 diesem
739 4545 829 4601 Gitote
850 4550 959 4600 mdssen
981 4546 1141 4617 notwendig
1163 4547 1207 4602 die
1224 4546 1333 4602 Worte:
1358 4545 1452 4602 »Unde
1470 4551 1498 4602 et

189 4629 290 4684 Paulus
319 4630 415 4686 eadem
448 4647 516 4685 uoce
548 4631 709 4702 prophetico
736 4647 800 4685 usus
829 4629 912 4684 dixit:
945 4629 1059 4699 Propter
1093 4636 1116 4686 te
1150 4636 1235 4685 morte
1268 4631 1414 4700 afficimur
1444 4635 1497 4684 tota
