3708 5528
176 513 288 584 Ousperi
304 515 318 567 Ι
336 529 358 568 c.
377 515 417 570 15.
437 515 477 571 16.
781 513 889 584 Dialog.

261 905 286 948 o.
300 881 377 952 XV·
412 887 482 963 Meu
498 887 537 947 d:
559 881 596 947 lu
616 882 688 967 lege
702 881 853 965 scriptum
875 887 935 948 est:
962 873 1088 946 Oculum
1107 903 1164 962 pro
1184 885 1276 958 oculo,
1299 885 1413 944 certem
1428 875 1487 962 pro

177 987 266 1046 decb.
309 981 464 1047 Dominus
478 985 592 1062 autem,
614 984 669 1066 qui
686 983 787 1048 bonus
810 986 864 1055 est,
884 981 961 1046 dicit
981 981 1016 1044 iu
1038 979 1216 1064 euangelio:
1239 983 1276 1044 st
1297 985 1365 1062 quis
1381 991 1405 1046 te
1419 1003 1488 1062 per-

178 1087 301 1146 cusserit
321 1086 357 1146 io
377 1086 524 1146 dexterum
544 1087 708 1162 mamillam,
725 1086 831 1164 praebe
851 1087 879 1146 ei
899 1091 925 1146 ei
945 1085 1075 1146 alteram.

261 1184 316 1245 Ad.
337 1185 377 1247 d:
405 1178 529 1264 Optime
557 1185 590 1246 et
612 1181 834 1246 conuenienter
859 1203 892 1245 se
916 1179 1011 1244 habet
1036 1178 1203 1264 legislatio.
1241 1177 1384 1244 Primum
1406 1181 1489 1245 enim

146 1281 211 1349 ein
232 1280 303 1364 lege
323 1283 518 1359 mundatum,
540 1303 603 1365 quo
625 1281 752 1346 iubetur
773 1280 884 1347 oculus
904 1302 962 1364 pro
985 1279 1077 1346 oculo
1096 1279 1208 1362 repeti,
1229 1282 1347 1343 metum
1367 1279 1488 1358 incutit

180 1402 219 1445 ne
240 1380 311 1464 quis
332 1382 448 1445 eudeet
472 1379 600 1446 alterius
627 1380 754 1446 oculum
777 1381 888 1457 eicere,
915 1383 989 1444 dum
1011 1400 1104 1444 suum
1125 1377 1318 1461 pertimescit
1338 1379 1489 1459 emittere,

181 1483 223 1559 ut,
246 1501 317 1544 cum
338 1500 395 1545 suo
412 1479 612 1563 quispereir,
632 1485 821 1563 temperaret
842 1480 880 1545 eb
904 1479 1015 1546 alieno.
1051 1477 1140 1543 Sicut
1154 1497 1229 1562 orgo
1244 1477 1278 1541 in
1291 1478 1362 1564 lege
1381 1480 1489 1545 huius-

181 1579 303 1644 cemodi
322 1583 426 1643 metus
445 1578 591 1643 iniuriam
614 1578 853 1663 comprimebat,
874 1579 919 1644 ita
941 1579 1026 1644 etin
1048 1576 1212 1660 euangelio
1234 1577 1378 1659 prohibet
1399 1577 1489 1645 telio-

180 1701 260 1758 nem,
282 1700 320 1742 ne
341 1679 422 1743 forte
444 1683 573 1762 propter
594 1679 741 1763 exiguam
759 1678 883 1763 pulmae
904 1679 998 1743 unius
1019 1675 1166 1741 iniuriam
1186 1694 1312 1760 pugnae
1334 1675 1490 1742 orirentur

131 1789 164 1844 10
181 1783 213 1842 et
236 1780 353 1855 coedes,
374 1783 472 1861 utque
493 1778 538 1843 ibi
560 1783 662 1844 metus
677 1777 879 1862 (cohiberet),
900 1778 953 1844 hic
973 1777 1085 1842 lenitas
1101 1781 1133 1841 et
1152 1776 1304 1858 patientie
1321 1775 1489 1861 mitigaret

182 1876 274 1953 Quod
293 1875 404 1961 utique
425 1882 593 1961 utrumque
615 1881 655 1943 od
677 1879 874 1944 concordiam
896 1878 1004 1958 tendit,
1027 1897 1098 1941 cum
1116 1875 1197 1940 elius
1218 1880 1304 1940 metu
1327 1875 1491 1942 cohibetur

181 2000 200 2040 e
230 1978 335 2054 caede,
367 1975 447 2041 alius
474 1977 662 2042 iniuriosum
691 2000 747 2061 per
776 1977 938 2042 lenitatem
963 1975 1078 2041 inuitot
1099 1977 1139 2039 ed
1160 1995 1276 2057 pacem.
1318 1973 1364 2039 Ut
1385 1980 1489 2041 autem

181 2075 261 2141 scies
276 2075 458 2141 nouaclum
471 2078 505 2141 in
526 2076 597 2161 lege
621 2098 688 2143 esse
710 2081 748 2142 de
768 2077 885 2142 talione
906 2079 1097 2152 mundatum,
1119 2073 1194 2138 audi
1215 2073 1300 2138 etin
1323 2075 1488 2160 euangelio

182 2175 258 2259 quid
285 2174 373 2241 dicit:
412 2181 479 2264 Quo
498 2199 642 2240 mensura
666 2180 827 2256 eutecetis,
857 2180 956 2241 ecdem
980 2180 1147 2240 remeetur
1172 2179 1267 2240 cotie.
1309 2173 1352 2239 Et
1376 2175 1489 2242 iterum

131 2284 164 2337 15
184 2274 372 2354 euidentius,
397 2279 547 2358 tenquem
569 2277 596 2340 si
617 2277 746 2342 diceret:
783 2280 909 2341 Oculum
924 2297 983 2358 pro
1005 2279 1101 2354 oculo,
1127 2273 1172 2337 ite
1191 2273 1280 2339 dicit:
1315 2279 1490 2358 Qeeunque

183 2398 230 2440 me
254 2379 402 2455 oepauerit
421 2398 520 2439 eoram
541 2380 722 2456 homiuibus,
747 2385 774 2440 et
798 2400 849 2457 epo
874 2380 983 2457 nepotc
1010 2395 1202 2440 cumeorum
1226 2383 1311 2454 patre
1331 2397 1410 2454 meo,
1437 2382 1491 2460 qui

183 2485 227 2538 eet
244 2478 280 2538 io
300 2477 394 2538 coelic.
435 2473 693 2540 Manifestissime
713 2475 813 2560 igitur
834 2479 1066 2540 demonstretur
1087 2476 1119 2537 et
1139 2474 1173 2537 in
1194 2471 1265 2557 lege
1289 2478 1321 2537 et
1340 2475 1373 2538 in
1396 2497 1489 2540 euan-

184 2573 275 2658 geliis
298 2575 384 2657 quod
404 2574 629 2659 unusquisque,
653 2577 738 2659 quod
759 2575 870 2640 fecerit
892 2574 982 2639 fratri
1003 2595 1069 2651 suo,
1091 2573 1152 2636 hoc
1172 2570 1310 2654 recipiet

267 2895 292 2938 c.
310 2873 408 2941 xvl.
448 2880 521 2956 Meu.
542 2879 582 2939 d:
612 2873 770 2956 Propheta
791 2873 871 2958 legis
894 2873 1041 2957 antiquae
1063 2873 1145 2937 ursis
1167 2871 1326 2956 proecepit
1346 2873 1431 2939 exire
1452 2877 1490 2939 de

134 2982 168 3037 20
184 2971 264 3036 silva
291 2975 322 3036 et
347 2976 509 3040 comedere
535 2995 649 3057 pueros
683 2973 739 3058 qui
765 2973 794 3037 ei
819 2975 1029 3038 occurrerunt
1071 2971 1181 3037 Bonus
1211 2976 1314 3037 eutem
1345 2973 1490 3040 dominus

185 3071 274 3136 dicit:
296 3077 393 3138 Sinite
408 3095 521 3154 pueros
540 3079 644 3138 uenire
665 3077 704 3137 cd
723 3093 792 3148 mc,·
822 3077 928 3136 tatium
944 3081 987 3136 eet
1006 3077 1088 3136 enim
1107 3095 1234 3154 reputem
1255 3076 1409 3138 coeloram.

267 3175 322 3236 Ad.
337 3176 376 3237 d.:
399 3171 597 3238 Conueniens
617 3177 695 3256 puto
709 3177 916 3257 utrorumque
934 3194 1103 3255 puerorum
1118 3173 1272 3238 discutere
1286 3173 1492 3255 proponitum,

186 3275 218 3335 et
238 3271 394 3355 siquidem
409 3271 511 3337 simile
525 3273 693 3352 inuenitur,
714 3277 798 3339 recte
820 3273 906 3339 dicis.
940 3271 1066 3336 Etenim
1081 3272 1221 3336 omnium
1243 3293 1323 3356 quue
1342 3279 1494 3357 geruntur

186 3392 281 3436 ceusu
303 3370 439 3436 menime
459 3371 492 3436 in
516 3372 679 3457 proposito
706 3372 857 3439 consistit
892 3371 944 3437 Illi
970 3371 1026 3456 qui
1051 3374 1092 3435 ed
1115 3369 1274 3436 Christum
1297 3379 1495 3438 accesserunt

136 3475 169 3532 25
186 3474 315 3554 propter
334 3471 586 3536 benedictionem
612 3478 821 3551 accesserunt;
854 3471 903 3536 illi
929 3493 1003 3536 vero
1030 3475 1158 3554 propter
1185 3470 1363 3536 irrisionem
1390 3478 1422 3538 et
1446 3475 1494 3536 in-

186 3570 299 3634 iuriam
321 3574 361 3634 ed
382 3573 568 3654 prophetem
589 3577 752 3653 uenerant,
775 3578 806 3638 et
826 3575 897 3637 ideo
918 3571 981 3655 ipsi
1002 3570 1062 3636 sibi
1082 3569 1255 3635 bestiarum
1276 3593 1416 3638 morsum
1437 3597 1495 3656 pu-

186 3670 274 3734 tendi
300 3675 375 3734 sunt
399 3692 595 3754 prouocasse.
638 3669 676 3736 In
700 3672 914 3756 superioribus
938 3671 1055 3735 etenim
1085 3670 1338 3736 manifestissime
1369 3675 1495 3739 demon·

187 3773 319 3833 stratum
346 3774 393 3834 est
420 3773 505 3854 quod
531 3770 747 3854 unusquisque
772 3774 946 3837 secundum
968 3792 1063 3853 opera
1089 3793 1146 3834 sue
1168 3792 1248 3854 quue
1270 3773 1337 3855 ogit
1358 3773 1496 3857 recipiet.

187 3867 309 3933 Iustum
338 3869 437 3953 igitur
466 3871 528 3935 fuit
558 3893 624 3948 eos,
653 3871 708 3953 qui
738 3875 935 3936 accesserunt
964 3875 1001 3934 ut
1030 3869 1208 3952 acciperent
1237 3870 1496 3952 benedictionem,

136 3981 170 4036 30
188 3969 337 4052 consequi
366 3973 539 4034 secundum
568 3970 764 4052 propositum
794 3993 898 4048 suum,
930 3974 961 4034 et
987 3991 1053 4048 eos,
1084 3972 1141 4052 qui
1170 3975 1365 4034 accesserant
1390 3976 1431 4037 ad
1451 3973 1497 4036 in·

187 4068 348 4133 ferendam
374 4068 521 4133 iniuriam
542 4069 713 4152 prophetae
735 4069 798 4148 dei,
828 4071 966 4152 recipere
986 4072 1157 4133 secundum
1178 4069 1375 4152 propositum
1397 4094 1497 4150 suum,

188 4167 270 4232 sicut
290 4173 321 4232 et
334 4166 430 4232 ludes
450 4168 506 4251 qui
525 4168 622 4250 impie
645 4169 710 4251 egit
723 4168 756 4232 in
776 4169 946 4247 dominum,
969 4171 1007 4233 de
1030 4190 1093 4252 quc
1114 4170 1181 4251 ipse
1197 4167 1338 4233 Christus
1359 4190 1497 4250 pronun-

273 4348 373 4418 5quo]
396 4346 461 4402 God.
480 4347 553 4415 quod
576 4349 581 4417 1
605 4348 624 4404 6
648 4347 713 4403 God.
732 4347 827 4402 audiat
850 4350 855 4418 l
880 4349 897 4403 8
921 4349 986 4404 cod.
1004 4349 1075 4404 iuria
1098 4349 1103 4418 1
1128 4349 1168 4404 10
1189 4349 1256 4402 Man
1278 4349 1405 4402 erwertet
1427 4349 1498 4402 nach

191 4435 308 4488 »metue«
333 4433 378 4488 ein
395 4432 516 4486 Verbum
538 4433 591 4488 wie
614 4432 783 4488 »cohiberet«
804 4433 870 4489 oder
889 4437 1065 4500 »coerceret«,
1088 4434 1146 4488 und
1170 4434 1241 4488 nach
1265 4431 1434 4501 ›mitigaret‹
1454 4431 1498 4485 eiu

189 4516 298 4584 Objeht,
316 4517 370 4572 wie
386 4516 531 4571 »animos«.
558 4517 604 4586 (M.
617 4517 649 4572 c.
661 4517 786 4588 uunbtig.
806 4547 837 4557 —
850 4519 882 4587 B)
898 4520 903 4582 1
919 4519 958 4573 lc
975 4518 1093 4589 negebo]
1107 4518 1172 4573 God.
1185 4533 1256 4588 nego
1272 4518 1276 4585 Ι
1293 4516 1328 4572 18
1340 4515 1498 4586 euangeliis]

189 4601 224 4656 So
237 4600 285 4655 der
296 4601 361 4656 cod.
380 4599 556 4671 Euangelio'?
571 4604 575 4670 t
590 4601 645 4656 Des
659 4605 729 4657 erste
743 4603 845 4671 :quode
860 4604 935 4656 steht
946 4603 984 4656 im
994 4602 1059 4658 ch.
1072 4603 1144 4655 nach
1160 4601 1403 4657 »demonstretur«.
1414 4602 1479 4654 -B
1495 4603 1498 4669 Ι

191 4681 231 4740 24
248 4685 301 4755 illi]
320 4685 398 4755 Oasp.
417 4686 543 4742 tuderto:
563 4687 620 4750 leti,
637 4687 710 4740 nuch
728 4687 754 4741 S.
772 4690 814 4754 25,
827 4689 851 4742 3.
869 4717 902 4726 -
914 4689 945 4742 Β.

243 4771 408 4816 Adamantius.
1274 4773 1290 4825 3
