3744 5528
327 509 386 573 198
883 499 1073 556 Adamantius.
1209 501 1251 557 De
1267 501 1297 556 1ο,
1313 502 1373 557 Rue
1389 500 1427 554 IV
1446 499 1631 556 8570-8582„

324 662 621 754 ποοαγγελλοόσας
635 661 677 736 τό
692 661 807 746 πάθος
822 660 936 748 αὐτοϋ,
957 655 1051 735 οὕτω
1067 660 1262 750 φάσκοντος
1277 657 1345 734 ότι·
1368 669 1429 734 δεῖ
1448 660 1521 734 τὸν
1542 660 1631 733 υίὸν

326 771 397 837 τοῦ
419 759 641 851 ἀνθρώπου
661 764 795 836 πολλὰ
808 775 958 836 παθεῖν
976 771 1043 834 καί
1057 758 1439 854 ἀποδοκιμασθῆναι
1453 758 1531 833 ἀπὸ
1549 770 1632 834 τῶν

325 869 607 954 πρεσβυτέρων
635 869 701 934 καί
732 860 950 954 ἀρχιερέων
979 870 1044 933 καί
1070 869 1336 954 γραμματέων
1360 869 1426 932 καί
1452 888 1631 952 σταυρω-

324 970 447 1053 θῆναι
472 969 536 1032 καί
561 958 648 1050 μεθ’
677 959 820 1054 ἡμέρας
847 982 953 1052 τρεῖς
980 959 1215 1054 ἀναστῆναι·
1246 971 1302 1034 καί
1327 960 1433 1035 πάλιν
1459 963 1545 1054 μετὰ
1568 961 1631 1051 τῆν

255 1081 272 1136 5
290 1080 309 1134 d
326 1059 511 1135 ἀνάστασιν
526 1065 673 1151 ἐλέγχων
688 1063 784 1145 τινάς
797 1065 921 1152 ἔλεγεν·
943 1055 972 1135 οδ
988 1061 1161 1153 ἀνόητοι
1174 1071 1240 1134 καί
1254 1068 1413 1154 βραδεῖς
1428 1071 1475 1152 τῆ
1489 1067 1632 1151 καρδίᾳ

327 1159 635 1234 τοῦπιστεόειν
665 1166 729 1232 ἐπί
758 1168 879 1234 πᾶσιν
909 1164 968 1245 οίς
998 1159 1171 1253 ἐλάλησα
1201 1163 1302 1254 πρὸς
1328 1160 1427 1252 ὑμᾶς
1457 1155 1521 1233 ότι
1553 1163 1633 1231 ἔδει

327 1269 454 1333 ταῦτα
490 1274 641 1333 παθεῖν
676 1260 749 1332 τὸν
784 1261 970 1352 Χριστόν.
1013 1263 1064 1332 ἔτι
1092 1263 1160 1352 μῆν
1190 1269 1245 1332 καί
1276 1258 1295 1334 ό
1325 1259 1562 1351 εόαγγελιστῆς
1591 1257 1632 1331 οό

326 1361 465 1453 δόκησιν
486 1357 561 1434 ἀλλ’
584 1359 752 1451 ἀληθινόν
777 1359 935 1434 θάνατον
961 1360 1195 1452 εἰσηγούμενός
1225 1384 1321 1452 φησι·
1350 1367 1416 1432 καί
1443 1357 1632 1450 φωνήσας

326 1460 473 1553 μεγάλῃ
496 1469 612 1550 φωνῇ
634 1456 652 1532 ό
674 1457 820 1550 Ἰησοῦς
843 1463 940 1532 είπε
962 1460 1104 1548 πάτερ,
1128 1468 1183 1544 είς
1203 1458 1339 1552 χεῖράς
1359 1486 1430 1533 σου
1450 1457 1633 1549 παραθή-

276 1575 310 1630 10
326 1588 444 1652 σομαι
465 1560 510 1631 τὸ
533 1558 687 1651 πνεῦμά
708 1589 796 1652 μου,
818 1567 882 1632 καί
904 1566 1130 1648 ἐξέπνευσε,
1152 1591 1218 1632 και
1238 1562 1327 1632 ίδού
1345 1558 1445 1652 ἀνῆρ
1462 1555 1633 1649 ὀνόματι

326 1657 480 1751 Ἰωσήφ,
517 1658 784 1750 αἰτησάμενος
814 1659 859 1730 τὸ
891 1667 1014 1750 σῶμα,
1050 1660 1281 1748 ἐνετύλιξεν
1312 1665 1353 1732 ἐν
1383 1656 1539 1732 σινδόνι
1567 1665 1632 1730 καί

328 1766 473 1850 ἔθηκεν
495 1763 536 1830 ἐν
558 1767 683 1850 καινῷ
706 1768 893 1850 μνημείῳ.
936 1769 988 1843 τίς
1010 1753 1072 1832 οὗν
1094 1753 1196 1843 οὗτος
1223 1753 1266 1850 ῆν
1287 1757 1519 1851 τολμήσαντες
1541 1755 1633 1830 είπά·

328 1883 452 1932 τωσαν.
489 1854 530 1930 ου’
544 1858 607 1948 γὰρ
622 1855 735 1946 δῆπου
750 1858 791 1930 τό
806 1866 937 1949 πνεῦμα
958 1864 1163 1948 ἐξέπνευσεν,
1187 1855 1228 1931 δν
1244 1857 1354 1932 ἀίδιον
1368 1867 1424 1930 καὶ
1439 1859 1632 1948 ἄφθαρτον,

329 1955 416 2031 ἀλλὰ
437 1955 581 2041 πάντως
602 1986 655 2040 τις
675 1949 719 2046 ῆν
741 1953 760 2029 ό
783 1963 871 2046 έχων
894 1957 935 2029 τὸ
950 1966 1090 2049 πνεῦμα,
1114 1953 1151 2041 ὃς
1169 1963 1365 2046 ἐξέπνευσεν
1381 1953 1503 2042 ὄντως,
1526 1953 1563 2042 ὃς
1577 1965 1634 2028 καί

257 2079 311 2133 15ε
328 2064 499 2148 παρέθετο
520 2062 673 2129 ἐκπνέων
687 2055 728 2128 τὸ
743 2065 874 2148 πνεῦμα
897 2066 947 2148 τῷ
968 2067 1082 2150 πατρί,
1105 2053 1147 2130 όν
1162 2063 1311 2148 ἐνείληοε
1325 2057 1455 2131 σινδόνι
1470 2055 1489 2130 ό
1504 2055 1633 2147 Ἰωσήφ.

329 2155 371 2231 οδ
391 2157 454 2247 γάρ
477 2153 587 2246 δήπου
609 2156 707 2228 σκιὰν
728 2162 875 2247 ἐνείλησε
896 2167 953 2231 καί
970 2161 1110 2246 ἔθαψεν,
1132 2155 1221 2230 ἀλλὰ
1237 2158 1300 2231 τόν
1320 2165 1562 2249 προσπαγέντα
1581 2165 1632 2246 τῷ

329 2257 429 2346 ξύλῳ.
465 2249 559 2328 οὕτω
575 2262 613 2345 γέ
626 2285 680 2328 τοι
701 2257 786 2347 μετὰ
801 2258 866 2347 τὴν
881 2253 1066 2331 ἀνάστασιν
1081 2263 1172 2348 έλεγε
1186 2278 1260 2340 τοῖς
1274 2268 1453 2348 μαθηταῖς,
1477 2262 1634 2329 δοκοῦσιν

327 2355 436 2429 αὐτόν
450 2363 641 2444 φαντασίαν
655 2355 752 2428 εἶναι·
775 2364 813 2428 τί
835 2366 1129 2448 τεταραγμένοι
1148 2362 1250 2442 ἐστέ;
1271 2363 1335 2427 καί
1357 2362 1421 2430 ἵνα
1436 2365 1475 2428 τί
1496 2363 1633 2428 διαλο-

328 2463 462 2548 γισμοὶ
485 2451 773 2544 ἀναβαίνουσιν
795 2463 850 2538 είς
872 2459 947 2548 τῆν
967 2455 1274 2548 καρδίανδμῶν;
1295 2461 1402 2529 ίδετε
1417 2457 1487 2540 τὰς
1501 2452 1636 2546 χεῖράς

277 2573 403 2649 2ομου
432 2563 496 2627 καί
523 2555 617 2636 τούς
645 2551 770 2638 πόδας
800 2585 875 2647 μου
904 2552 968 2628 ότι
1003 2559 1077 2647 ἐγώ
1114 2563 1191 2647 είμι
1222 2553 1355 2640 αάτός,
1388 2549 1451 2628 ότι
1481 2563 1635 2642 πνεῦμα

329 2653 449 2730 όοτέα
471 2661 535 2727 καί
557 2652 682 2744 σάρκα
704 2653 775 2727 οάκ
797 2660 888 2744 ἔχει,
918 2658 1055 2739 καθώς
1077 2662 1140 2746 ἐμὲ
1162 2669 1360 2746 θεωρεῖτε
1383 2659 1535 2744 έχοντα.
1577 2661 1633 2725 καὶ

329 2765 376 2843 τί,
408 2761 578 2828 τοσοῦτον
607 2758 849 2843 ἐπιδιατρίβων
875 2776 947 2838 τοῖς
976 2760 1136 2846 ἐλέγχοις,
1168 2763 1214 2840 είς
1244 2763 1350 2845 μῆκος
1379 2762 1520 2827 ἐκτείνω
1552 2756 1634 2836 τούς

330 2857 466 2947 λόγους;
487 2853 582 2944 ῆρκει
603 2853 666 2945 γάρ
688 2853 729 2924 τὸ
752 2852 931 2946 ὁμολογεῖν
953 2853 1075 2928 ἑαυτὸν
1096 2854 1171 2927 υἱόν
1194 2852 1393 2946 άνθροόπου.

299 2968 315 3023 f
412 2963 514 3026 MAP.
557 2961 654 3037 Τίνος
676 2951 867 3044 ἀνθρώπου
889 2960 981 3026 ἐστὶν
1002 2952 1090 3038 υίός;

277 3064 311 3119 25
411 3061 478 3125 ΑΔ.
520 3052 572 3124 Ἐκ
594 3060 784 3143 σπέρματος
804 3054 893 3126 κατὰ
914 3053 1021 3145 σάρκα
1048 3060 1111 3126 τοῦ
1133 3058 1237 3126 Δαυίδ
1256 3057 1341 3138 ἐστι,
1368 3055 1488 3135 καθοδς
1514 3059 1569 3124 καὶ
1592 3051 1634 3124 τὸ

330 3151 524 3245 εὐαγγέλιον
547 3151 677 3240 φάσκει.

412 3259 516 3324 ΜΑΡ.
550 3249 605 3323 Ἑν
626 3260 678 3343 τῷ
701 3248 892 3343 εὐαγγελίῳ,
916 3262 990 3326 τῶν
1003 3249 1176 3326 Ἰουδαίων
1195 3249 1371 3343 λεγόντων
1394 3245 1450 3324 ότι
1470 3248 1543 3335 υἱός
1564 3256 1637 3323 ἐστι

329 3360 394 3426 τοῦ
409 3357 519 3438 Δαυίδ,
542 3348 646 3435 αὐτὸς
668 3347 686 3423 ό
705 3352 852 3441 Χριστός
865 3361 1111 3445 κατεγίνωσκεν
1136 3349 1261 3436 αὐτῶν,
1284 3361 1348 3438 καί,
1371 3357 1400 3422 εί
1414 3359 1535 3436 θέλεις,
1559 3347 1636 3422 ἀνα-

329 3453 494 3544 γινώσκω.

280 3561 313 3615 30
341 3549 344 3554 ’
412 3560 533 3623 ΕῩΤΡ.
575 3548 775 3641 Ἀνάγνωθι.

412 3658 516 3722 ΜΑΡ.
559 3651 666 3722 Εἶπεν
694 3646 713 3722 ό
740 3649 872 3742 Ἰησοῦς·
903 3660 942 3722 τί
966 3648 1057 3740 δμῖν
1084 3658 1197 3724 δοκεῖ
1224 3657 1315 3740 περὶ
1346 3656 1419 3722 τοῦ
1446 3655 1638 3740 Χριστοῦ,·

331 3761 444 3834 τίνος
465 3748 552 3834 υίός
574 3757 672 3836 έστι,·
703 3757 889 3840 λέγουσιν
911 3747 1033 3841 αάτῷ·
1064 3757 1138 3823 τοῦ
1159 3755 1289 3821 Δαυίδ.
1333 3755 1437 3839 λέγει
1459 3743 1638 3831 αὖτοῖςδ

331 3847 486 3942 Ἰησοῦς·
521 3858 606 3935 πῶς
640 3844 712 3922 οὖν
745 3857 865 3923 Δαυῒδ
893 3857 934 3923 ἐν
968 3848 1168 3939 πνεύματι
1203 3849 1346 3937 κύριον
1375 3846 1499 3921 αὐτόν
1527 3860 1641 3920 καλεῖ

332 3959 475 4043 λέγων·
498 3953 608 4023 εἶπεν
630 3946 648 4022 ό
671 3948 812 4040 κύριος
834 3959 889 4041 τῷ
910 3958 1035 4041 κυρίῳ
1057 3973 1145 4036 μου·
1167 3945 1300 4021 κάθου
1321 3951 1363 4018 ἐκ
1385 3954 1531 4036 δεξιῶν
1552 3973 1640 4038 μου;

258 4065 310 4121 858
333 4057 367 4124 εί
397 4045 468 4124 οὖν
495 4055 700 4138 ΔαυίδΙέν
731 4048 929 4142 πνεύματι
958 4048 1099 4138 κύριον
1130 4045 1255 4121 αὐτὸν
1285 4055 1404 4138 λέγει,
1439 4057 1524 4131 πῶς
1554 4045 1640 4130 υίὸς

332 4149 457 4224 αὐτοῦ
478 4156 606 4237 ἐστιν;
628 4153 711 4234 είδες
732 4145 788 4222 ότι
809 4150 1056 4240 καταγινώσκει
1078 4156 1151 4220 τῶν
1173 4145 1350 4237 λεγόντων
1371 4142 1426 4220 ότι
1447 4147 1518 4231 υίὸς
1540 4149 1640 4217 Δαυίδ

332 4257 433 4338 ἐστιν,
457 4248 666 4343 ἀρνούμενος
685 4247 799 4333 αὐτός.

418 4389 601 4460 1-4]Μσ.8;
615 4391 656 4454 31,
670 4385 1641 4458 Ῑισ.9;22.-5-ί]Ιισ.24;25,26.-8-12]Ιιο.23;46,50-53.-

333 4475 458 4545 18-21]
478 4476 523 4530 Le.
536 4478 582 4530 24:
595 4475 636 4538 38,
649 4475 690 4530 39.
710 4506 744 4512 -
762 4473 887 4544 81-86]
905 4473 955 4530 Mb.
967 4474 1012 4528 22:
1025 4474 1134 4528 42-45.

419 4593 454 4648 11
475 4589 505 4648 ἐν
523 4610 573 4647 vor
591 4592 697 4648 σινδόνι
715 4603 748 4652 <
764 4593 791 4647 Η
806 4605 809 4660 Ι
826 4593 863 4648 21
882 4593 932 4647 καί
949 4609 999 4647 τοι
1019 4589 1110 4664 σάρκα
1129 4600 1162 4650 <
1179 4591 1201 4644 F
1221 4591 1225 4659 Ι
1247 4585 1338 4661 σάρκα
1357 4588 1469 4654 Lomm,
1491 4585 1599 4658 σάρκας
1616 4585 1642 4640 d.

332 4679 411 4746 ΗΒΕ,
431 4695 572 4732 »aarum«
593 4677 655 4732 Rus.
674 4677 731 4733 Pio.
