3744 5524
209 505 320 577 Cespuri
336 506 376 560 111
392 521 416 560 e.
435 507 475 562 10.
493 507 534 560 11.
802 505 911 577 Dialog.
1451 519 1508 584 131

289 681 366 742 Mor.
387 681 426 742 d:
448 676 633 754 Quomodo?

290 781 344 841 Ad.
366 781 406 842 rt:
427 775 462 842 Si
483 776 696 843 immutabiles
719 780 808 842 erent
824 776 976 856 homines,
997 776 1053 842 ubi
1071 780 1288 844 ostenderetur
1307 781 1432 846 bonilss
1451 783 1510 862 dei,

207 897 279 942 eum
300 875 407 942 nullus
429 899 466 942 11
485 876 662 961 indigeret?

287 982 365 1043 Mar.
386 980 425 1042 d:
447 967 646 1042 Manifestius
669 967 798 1059 expone.

170 1075 187 1128 5
288 1079 342 1141 Ad.
363 1081 404 1142 d:
426 1075 570 1142 Uirtutes
592 1077 643 1142 dei
664 1098 744 1160 quse
766 1078 1018 1142 enumerauimus
1040 1076 1115 1143 solis
1140 1076 1321 1144 nominibus
1347 1101 1414 1145 esse
1436 1103 1510 1147 eon-

205 1174 330 1241 fitemur
350 1175 385 1240 in
405 1179 474 1257 deo,
495 1199 536 1242 en
556 1180 589 1242 11
608 1177 642 1241 in
664 1175 825 1242 efficacia?

210 1327 212 1332 .
286 1279 363 1340 Mar.
385 1282 425 1342 u:
446 1275 548 1342 Immo
569 1276 603 1341 in
623 1276 717 1341 rebus
738 1275 839 1360 megis
862 1298 956 1360 quem
977 1277 1011 1340 in
1032 1275 1222 1344 nominibus.

286 1378 342 1439 Ad.
363 1381 402 1441 d:
423 1375 467 1442 Et
488 1395 563 1460 erge
583 1397 664 1460 quos
686 1375 746 1440 erit
767 1397 874 1440 eerum
896 1375 1056 1441 effieseie?

287 1481 362 1541 Mar.
383 1481 424 1542 d:
445 1474 532 1560 Ergo
552 1475 704 1540 homines.

154 1574 187 1630 10
287 1578 341 1639 Ad.
364 1581 404 1640 d:
426 1574 490 1641 Sed
510 1576 537 1640 si
558 1575 636 1639 feoti
657 1579 761 1640 essent
786 1575 930 1640 homines
955 1573 1176 1655 immutabiles,
1202 1573 1378 1658 superfluae
1405 1581 1509 1642 essent

203 1672 282 1738 istse
302 1673 457 1739 uirtutum
478 1674 529 1739 dei
551 1673 717 1739 effioeeiee.
759 1673 860 1751 Quem
885 1675 969 1740 enirn
994 1674 1202 1754 misereretur,
1228 1695 1299 1739 oum
1320 1697 1413 1742 nemo
1434 1698 1506 1760 pee-

203 1775 308 1838 eeret?
328 1771 391 1838 Uel
412 1773 464 1839 oui
484 1775 586 1839 bonus
608 1777 698 1854 esset,
719 1795 791 1840 oum
812 1795 905 1838 nemo
926 1772 1082 1857 indigeret
1102 1775 1244 1840 bonitate
1265 1774 1335 1840 dei?

285 1991 310 2038 e
330 1971 400 2043 XI.
429 1970 491 2038 Sed
513 1977 608 2046 11111,
631 1994 694 2056 que
714 1971 835 2037 ratione
850 1993 945 2037 unern
967 1973 1083 2038 bonam
1104 1971 1241 2038 redioem
1255 1971 1334 2038 diois
1356 1976 1388 2038 et
1409 1972 1504 2038 1111111

151 2177 184 2232 15
281 2177 358 2238 Mar.
381 2177 421 2237 d:
443 2173 524 2250 Quis
544 2173 629 2238 bone
649 2170 783 2238 sulutem
804 2174 950 2255 praestet
973 2169 1103 2236 stmulo
1123 2169 1339 2254 perditionem.

283 2275 338 2336 Ad
359 2276 399 2337 d.:
419 2271 463 2338 Et
483 2273 561 2356 quid
580 2277 628 2338 est
648 2272 682 2337 in
696 2292 791 2336 esuse
811 2274 848 2336 ut
861 2269 943 2335 nlius
958 2271 1053 2337 homo
1074 2269 1213 2337 solvetur
1231 2273 1263 2336 et
1284 2269 1365 2336 elius
1379 2275 1506 2354 pereat?

281 2375 357 2436 Mor.
379 2377 418 2438 d:
441 2370 559 2438 Salutis
581 2393 676 2437 osuse
695 2371 877 2436 hominibus
899 2373 977 2436 deus
999 2374 1054 2448 est,
1075 2369 1261 2454 perditionis
1281 2369 1435 2436 diabolus.

280 2475 336 2535 Act
358 2477 398 2536 d:
419 2470 543 2538 Iustum
564 2494 632 2538 esse
653 2471 762 2536 dixisti
782 2473 883 2536 deum

281 2575 357 2636 Mar.
379 2575 418 2637 d.:
439 2570 545 2636 Etiam
566 2593 651 2636 nuno
671 2570 742 2638 dieo
764 2573 851 2654 quod
872 2570 977 2635 iustus
999 2573 1055 2636 est

280 2674 338 2734 Ad.
360 2675 402 2736 ct:
422 2669 521 2736 Iudex
541 2671 643 2736 iustus
665 2674 713 2735 est
735 2672 811 2735 deus
832 2691 873 2736 on
894 2673 979 2735 non?

279 2775 355 2836 Mor.
375 2775 414 2836 d:
436 2768 534 2835 Iudex
555 2771 657 2836 iustus
681 2774 727 2834 est
748 2773 833 2836 deus.

280 2873 335 2934 Ad.
356 2874 396 2935 u:
418 2869 519 2947 Quem
540 2869 678 2953 iudieet?

278 2974 355 3035 Mar.
376 2975 416 3035 d:
437 2967 561 3036 Iudieet
582 2968 743 3035 diabolum
764 2972 796 3033 et
816 2965 946 3051 angelos
973 2968 1040 3032 eius
1066 2970 1098 3032 et
1122 2967 1264 3034 homines
1290 2968 1346 3054 qui
1367 2973 1407 3035 sd
1433 2993 1504 3036 eum

198 3067 394 3152 confugiunt

146 3177 180 3230 25
280 3173 334 3233 Ad.
357 3173 398 3233 ct:
419 3167 592 3236 Diabolum
614 3191 676 3253 que
697 3171 736 3233 de
758 3189 853 3234 oense
874 3167 1013 3233 iudicet?

279 3272 355 3332 Mer.
376 3273 416 3333 d:
438 3267 519 3345 Quin
541 3268 657 3353 deoipit
678 3267 828 3335 homines.

279 3372 366 3432 Eretr.
387 3372 427 3433 d:
448 3365 606 3434 iniustum
627 3371 675 3433 est
694 3367 781 3433 istud
801 3364 963 3434 iudicium.
998 3364 1083 3432 Nem
1109 3366 1137 3433 si
1162 3368 1259 3433 hebet
1284 3366 1428 3434 diabolus
1454 3369 1504 3434 sui
1594 3395 1595 3400 ¹

197 3465 319 3532 arbitrii
339 3465 518 3533 libertatem
540 3472 572 3533 et
591 3471 697 3552 potest
717 3466 787 3532 fieri
807 3468 910 3532 bonus
932 3489 970 3531 ex
996 3465 1089 3548 melo,
1117 3467 1200 3533 iuste
1225 3468 1391 3548 iudicetur,
1422 3469 1506 3552 quio,

197 3586 269 3630 oum
290 3570 399 3650 posset
419 3566 487 3632 fieri
508 3569 619 3649 bonus,
639 3588 705 3631 non
726 3570 774 3632 est
794 3567 897 3632 foetus
918 3567 1029 3632 bonus.
1067 3564 1101 3631 Si
1121 3589 1199 3633 uero
1220 3589 1286 3633 non
1310 3571 1415 3651 potest
1435 3567 1505 3633 fieri

146 3671 180 3729 30
196 3665 306 3746 bonus,
326 3669 439 3731 notura
460 3689 518 3732 sue
538 3667 599 3734 hoe
621 3669 795 3751 denegante
819 3666 936 3750 quippe
958 3687 1040 3749 quse
1058 3665 1164 3732 1111111
1180 3667 1295 3732 redieis
1313 3667 1363 3748 sit
1387 3667 1503 3734 iniuste

195 3786 253 3848 pro
282 3765 405 3830 melitis
439 3769 665 3832 oondemnetur
699 3786 794 3851 quem
824 3770 945 3830 mutere
974 3787 1038 3830 non
1067 3770 1199 3849 poteret
1248 3764 1369 3832 Iustum
1399 3770 1504 3832 eutem

196 3865 300 3931 fueret
321 3888 360 3931 ex
380 3865 471 3931 initio
493 3865 594 3950 magis
616 3865 754 3930 redieem
774 3863 891 3932 melem
912 3863 1070 3948 pullulare
1090 3887 1155 3932 non
1176 3865 1290 3946 sinere,
1314 3867 1349 3932 id
1369 3870 1418 3932 est
1438 3866 1505 3932 die·

282 4423 385 4481 econ
402 4426 611 4482 ostenderentur
634 4425 638 4492 1
661 4426 679 4480 b
699 4423 764 4480 (lod
783 4423 1004 4480 enumerabimus
1027 4425 1031 4494 Ι
1057 4423 1194 4483 101111
1216 4441 1256 4494 gr.
1273 4422 1303 4478 Τ.
1326 4423 1436 4478 werden
1459 4423 1505 4479 die

196 4509 292 4564 Worte
311 4508 379 4566 »Sed
396 4508 463 4564 si—
474 4509 601 4565 bonitate
618 4508 677 4564 dei«
697 4507 760 4562 dem
777 4506 925 4580 Eutropius
941 4508 1083 4580 beigelegt
1099 4507 1156 4564 und
1172 4506 1430 4577 1111111111
1447 4512 1505 4564 eret

195 4593 328 4650 1111118111
346 4596 374 4650 et
390 4596 438 4650 tue
457 4611 501 4652 en.
527 4594 590 4666 Vgl
603 4593 629 4648 d.
641 4596 723 4648 Anm.
735 4613 759 4650 1.
770 4592 796 4648 d.
809 4611 849 4665 gr.
861 4594 892 4649 Τ.
910 4594 978 4648 -Β
993 4595 998 4662 Ι
1014 4593 1051 4650 17
1071 4591 1238 4662 bominibus]
1257 4592 1322 4649 Cod.
1339 4594 1401 4649 hors
1418 4594 1422 4662 Ι
1437 4593 1505 4649 Ood.

194 4677 342 4750 perditioni
362 4679 366 4745 1
388 4679 543 4749 82111111]
562 4677 627 4735 (lod.
645 4678 732 4744 fieret,
750 4677 802 4734 mit
821 4697 868 4734 ›u‹
888 4677 957 4733 uber
975 4677 1023 4733 »i«.

1254 4763 1291 4818 ps
