3708 5528
356 411 396 472 40
904 403 1093 460 Adamantius.
1274 405 1315 460 De
1331 405 1360 459 la
1377 403 1435 460 Rue
1452 404 1665 462 18160-8172

442 575 545 638 MBF.
586 561 618 636 ‘0
656 563 737 648 θεὸς
772 572 834 656 τῆς
869 574 1029 656 γενέσεως
1063 564 1281 655 ῦποχοθέντα
1317 567 1380 640 τὸν
1408 563 1514 639 Ἰσαάκ
1550 563 1663 639 οῦκὲτι

357 671 491 756 ἐποίησε
513 670 703 752 διαβλέψαι,
735 660 754 738 ό
777 670 812 736 δὲ
833 662 1079 756 κύριοςῆμῶν,
1109 662 1240 754 άγαθός
1260 663 1324 751 ὧν,
1354 673 1497 738 πολλῶν
1519 674 1663 754 τυφλῶν

358 761 492 855 ἤνοιξεν
513 759 721 854 όφθαλμούς.
1386 789 1391 798 ·

441 870 507 935 ΑΔ.
543 859 685 953 Ἀγνοεῖς
706 865 771 955 τὴν
787 871 986 954 οἰκονομίαν
1007 871 1071 937 τοῦ
1092 872 1183 938 θεοῦ.
1220 861 1240 937 ό
1263 857 1326 937 οῦν
1347 864 1427 948 δούς
1448 872 1499 954 τῷ
1522 861 1663 954 Ἁβραάμ

324 964 451 1052 σπαρά
479 967 688 1054 προσδοκίαν
722 969 778 1036 ἐπὶ
806 972 858 1055 τῷ
889 961 974 1057 γήρᾳ
1004 963 1110 1050 οίούς,
1145 973 1201 1037 καί
1236 972 1343 1056 Τωβία
1373 962 1593 1054 χαρισάμενος
1623 963 1662 1035 τὸ

356 1069 507 1150 βλέπειν,
538 1065 593 1134 ίνα
620 1061 665 1154 μὴ
695 1060 809 1135 πάντα
841 1063 884 1135 τό
914 1075 1070 1153 μεγαλεῖα
1101 1059 1344 1154 διεξερχόμενοι
1373 1061 1571 1154 μηκύνωμεν
1601 1062 1663 1135 τόν

358 1158 471 1251 λόγον,
494 1158 642 1251 ἠδύνατο
663 1169 719 1233 καί
741 1162 805 1234 τὸν
818 1159 926 1236 Ἰσαόικ
943 1164 988 1254 μὴ
1008 1169 1217 1254 συγχωρῆσαι
1236 1159 1460 1253 ῦποχοθῆναι.
1496 1159 1572 1234 ἀλλ’
1593 1168 1663 1234 ἐπεὶ

358 1263 496 1351 ἔμελλεν
517 1256 660 1338 δἸσαάκ
681 1261 745 1333 τὸν
758 1261 858 1332 Ἠσαῦ
877 1259 1037 1351 εὐλογεῖν,
1060 1255 1102 1353 ἦν
1124 1269 1160 1335 δὲ
1182 1269 1356 1352 εἰρημένον
1378 1270 1420 1350 τῇ
1439 1257 1588 1353 Ῥεβέκκα
1609 1256 1662 1334 ὅτι

322 1355 378 1434 δό
406 1368 552 1449 μείζων
580 1359 785 1433 δουλεύσει
812 1367 866 1451 τῷ
894 1359 1099 1448 ἐλάττονι,
1131 1362 1186 1434 διὰ
1217 1361 1257 1434 τὸ
1288 1359 1474 1452 μυστήριον
1504 1369 1578 1432 τῶν
1604 1361 1662 1432 δύο

308 1476 341 1530 10
359 1467 452 1531 λαῶν
474 1456 635 1549 ύπεχύθη,
659 1454 755 1544 ὅπως
776 1459 872 1531 άκων
894 1456 1058 1551 εύλογὴοη
1080 1461 1144 1534 τὸν
1167 1461 1336 1549 νεώτερον
1356 1457 1480 1545 Ἰακώβ,
1508 1467 1662 1532 τουτέστι

359 1558 424 1631 τόν
444 1565 726 1648 μετογενέστερον
748 1566 822 1631 τιῦν
842 1556 1013 1632 Ἰουδαίων
1034 1560 1119 1633 λαόν
1141 1567 1203 1650 τῆς
1224 1565 1411 1650 καθολικῆς
1431 1563 1613 1648 ἐκκλησίας

442 1667 545 1729 MEF.
580 1655 633 1729 Ἐκ
654 1665 722 1747 τοῦ,
739 1666 927 1750 διωχθῆναι
952 1656 1037 1749 ἡμᾶς
1058 1659 1224 1744 πολλάκις
1245 1667 1300 1732 καὶ
1320 1668 1489 1748 μισεῖσθαι
1510 1655 1573 1730 ούκ
1595 1663 1663 1730 ἔστι

359 1756 511 1846 φανερόν
545 1751 601 1829 ότι
634 1757 743 1830 ἄλλον
771 1765 868 1849 ἐσμὲν
898 1765 982 1832 θεοῦ
1015 1767 1071 1830 καὶ
1101 1765 1164 1831 τοῦ
1194 1764 1254 1848 τῆς
1283 1767 1443 1846 γενέσεως
1474 1754 1663 1846 άλλότριοι;

360 1864 446 1946 λέγει
467 1854 543 1947 γάρ·
565 1864 706 1943 καρδία
726 1865 919 1947 βασιλέως
941 1864 983 1931 ἐν
1003 1866 1105 1948 χειρὶ
1128 1865 1234 1930 θεοῦ.
1270 1864 1376 1948 δῆλον
1397 1847 1459 1928 οῦν
1482 1850 1537 1928 ὅτι
1558 1853 1660 1940 αῦτός

310 1973 341 2026 15
360 1951 379 2028 ό
402 1962 463 2046 τῆς
484 1961 641 2045 γενέσεως
662 1956 744 2041 θεὸς
767 1955 852 2048 ἡμᾶς
870 1963 1010 2030 ἐδίωκεν
1031 1953 1098 2029 άπὸ
1121 1963 1184 2028 τοῦ
1204 1962 1242 2029 ἐν
1262 1962 1375 2051 χερσίν
1397 1959 1483 2045 ἔχειν
1506 1955 1566 2040 τὰς
1586 1985 1664 2044 καρ-

360 2063 432 2137 δίας
454 2062 528 2126 τῶν
547 2064 719 2142 βασιλέων.

443 2161 509 2226 ΑΔ.
556 2162 666 2228 Ταῦτα
686 2162 757 2247 μέν,
780 2161 809 2227 εί
830 2159 899 2247 (πρό
919 2160 1030 2226 τούτων
1048 2167 1107 2224 τοῖν
1126 2159 1251 2244 χρόνων)
1273 2159 1440 2242 ἐσοφίζου,
1463 2150 1560 2238 ὅπως
1578 2163 1663 2227 ποτὲ

360 2255 424 2341 εἶχε
447 2250 565 2344 λόγον,
594 2257 659 2344 εἶχε
680 2262 716 2328 δὲ
741 2263 797 2327 καί
824 2253 938 2346 εῦχερῆ
965 2256 1030 2347 τὴν
1056 2261 1220 2328 ἐπίλυσιν·
1251 2258 1364 2343 οἴομαι
1385 2259 1421 2324 δὲ
1445 2250 1665 2343 ἀναρμόστως

327 2359 416 2424 exal
442 2350 688 2444 σ’πεπιτηδείως
714 2361 777 2443 (τοῦ
804 2363 921 2445 καιροῦ)
948 2380 983 2428 οε
1009 2361 1257 2444 προαγηοχέναι
1279 2360 1384 2426 τοῦτο
1406 2351 1448 2424 τό
1470 2353 1663 2442 κεφάλαιον.

310 2463 343 2518 20
360 2458 428 2540 (νῦν
449 2457 481 2521 δὲ
497 2465 553 2522 ’τοῦ
574 2458 714 2538 βασιλέως
734 2456 819 2536 ὄντος
839 2465 1008 2542 θεοσεβοῦς,
1035 2464 1063 2523 τί
1080 2459 1141 2543 φὴς
1160 2459 1257 2541 ’ἕτερον
1277 2457 1329 2522 τόν
1350 2459 1382 2522 ίν
1402 2467 1464 2534 τοῖς
1483 2457 1541 2540 πρό
1562 2459 1664 2524 τούτου

360 2559 513 2640 κατίχονια
533 2554 585 2633 τάς
605 2561 728 2637 καρδίας
750 2559 868 2625 ίκείνοιν
896 2562 945 2626 καί
966 2559 1121 2638 διώκοντα,
1145 2561 1195 2623 καὶ
1220 2560 1317 2640 ἕτερον
1344 2559 1418 2622 θεὸν
1443 2557 1493 2623 τόν
1514 2561 1666 2641 κατέχοντα

359 2755 512 2838 βασιλεύει.
554 2757 573 2822 ά
595 2759 648 2842 γὰρ
670 2761 775 2824 ἐκεῖνοι
796 2769 937 2826 καθεῖλον
958 2761 1048 2837 αύτός
1069 2760 1307 2848 άνῳκοδόμηοεν,
1332 2757 1384 2834 οὓς
1402 2761 1506 2824 ἐκεῖνοι
1528 2762 1666 2842 ἐμίσησαν

359 2849 444 2932 οὗτος
472 2857 636 2942 ἠγάπησεν,
668 2858 720 2935 οῦς
750 2862 855 2926 ἐκεῖνοι
886 2863 990 2943 ἐτίμων
1019 2862 1110 2939 ναούς
1138 2887 1168 2926 τε
1197 2865 1247 2924 καί
1276 2863 1380 2925 εἴδωλα
1410 2858 1498 2934 αῦτδς
1527 2863 1665 2946 καθεῖλε.)

308 2958 341 3015 25
358 2951 446 3023 κατὰ
468 2959 503 3023 σὲ
526 2946 588 3025 οὖν
608 2953 711 3038 ἄλλος
733 2955 814 3041 θεὸς
836 2949 879 3046 ἦν
901 2963 938 3030 ἐν
959 2963 1101 3040 ἐκείνοις
1122 2965 1177 3028 καί
1201 2957 1313 3044 ἕτερος
1335 2961 1372 3028 ἐν
1395 2955 1524 3046 τούτῳ·
1550 2957 1663 3047 πολλὴ

358 3055 396 3124 ἐν
419 3050 532 3142 τούτῳ
555 3052 663 3126 ἄνοια.
707 3052 781 3128 ἀλλ’
803 3053 844 3128 ού
864 3055 971 3147 μόνον
995 3055 1086 3149 ἡμεῖς
1108 3061 1323 3148 (ἒδιοὶχθημεν),
1346 3053 1432 3128 άλλὰ
1453 3063 1509 3126 καὶ
1531 3061 1564 3129 οἱ
1585 3085 1666 3145 προ·

359 3155 465 3240 φῆται
486 3161 609 3225 πολλοὶ
633 3155 879 3246 ἐμαρτύρησαν,
906 3154 994 3229 άλλὰ
1021 3167 1077 3230 καί
1103 3160 1136 3231 οί
1164 3176 1252 3243 τρεῖς
1273 3162 1390 3240 παῖδες
1411 3153 1478 3243 πρό
1501 3155 1636 3229 τούτου.
1660 3163 1663 3239 f

287 3265 339 3319 817
357 3255 412 3318 καί
435 3249 540 3324 τοῦτό
557 3250 694 3341 φησινό
715 3253 908 3346 προφήτης·
932 3258 1045 3330 ἕνεκα
1065 3265 1138 3328 σοῦ
1158 3253 1450 3344 θανατούμεθα
1472 3250 1570 3344 ὅλην
1593 3255 1666 3345 τὴν

360 3344 521 3438 ἡμέραν,
549 3346 645 3438 (ὅθεν
670 3362 729 3425 καί
749 3361 899 3441 Παῦλος,
926 3365 970 3444 τῇ
996 3353 1082 3446 αύτῇ
1108 3364 1303 3447 προφητικῇ
1326 3363 1426 3444 φωνῇ
1447 3352 1665 3444 χρησάμενος,

308 3469 341 3523 30
359 3449 484 3537 ἔλεγεν·
508 3452 621 3524 ἕνεκα
643 3459 713 3524 σοῦ
734 3454 1025 3546 θανατούμεθα
1047 3450 1145 3546 όλην
1167 3456 1240 3547 τὴν
1261 3453 1449 3546 ἡμέραν.*)
1486 3450 1612 3544 όμοίως
1629 3459 1666 3524 δὲ

358 3553 412 3616 καὶ
443 3552 475 3619 οί
505 3558 568 3622 τοῦ
599 3559 749 3640 Χριστοῦ
777 3562 943 3644 μαθηταί,
974 3555 1122 3630 κατόπιν
1152 3566 1226 3629 τῶν
1256 3561 1449 3645 προφητῶν
1478 3561 1664 3638 βαίνοντες,

360 3642 524 3754 ὥσαύτως
551 3655 736 3742 (ἐδιώκοντο)
781 3650 908 3744 άνάγκη
935 3678 971 3727 σε
998 3652 1181 3744 ἀλλότριον
1209 3657 1293 3726 εἶναι
1324 3660 1388 3724 τοῦ
1417 3649 1562 3737 κανόνος
1592 3661 1666 3726 τιῦν

444 3818 471 3887 5]
492 3820 558 3876 Gen.
571 3823 617 3877 21:
630 3824 653 3879 2.
672 3824 738 3880 Τοῦ.
752 3828 796 3880 11:
809 3829 901 3884 9-12.
919 3829 988 3898 -7]
1008 3831 1075 3885 Gen.
1088 3829 1134 3883 27:
1148 3831 1171 3882 1.
1187 3859 1220 3866 -
1232 3827 1261 3897 θ)
1281 3827 1348 3882 Gen.
1361 3827 1406 3880 25:
1419 3826 1460 3882 23.
1472 3855 1506 3865 -
1519 3826 1567 3896 14]
1586 3826 1665 3881 Prov.

359 3903 404 3955 21:
419 3905 441 3956 1.
459 3933 493 3942 -
511 3903 560 3975 27]
579 3907 689 3963 Dm&
702 3909 766 3965 13ff.
784 3941 817 3950 -
837 3912 1112 3983 281291Pn.43:22.
1130 3943 1163 3951 -
1182 3910 1325 3981 80].R0m.
1337 3911 1367 3965 8:
1380 3913 1422 3965 36.

445 4054 459 4107 ί
475 4054 594 4122 ἠδύνατο
604 4059 758 4128 ABDEFH,
770 4058 887 4118 ἐδύνατο
897 4063 923 4117 δ.
932 4063 991 4118 flbr.
1007 4063 1012 4132 Ι
1029 4063 1068 4119 10
1080 4060 1227 4132 εὐλογηοει
1238 4062 1274 4116 B¹
1290 4063 1294 4126 Ι
1311 4061 1361 4133 17,
1376 4061 1453 4116 2011.
1466 4060 1526 4114 Den
1537 4059 1662 4124 είῖεείεα,

357 4139 583 4211 ursprflngliohen
604 4144 674 4199 Text
697 4145 789 4200 finden
812 4146 861 4201 wir
882 4147 928 4202 bei
945 4147 1005 4202 Rus.
1041 4147 1094 4202 nin
1117 4163 1157 4216 gr.
1175 4136 1368 4201 Uberarbeiter
1389 4146 1440 4199 hat
1461 4144 1516 4199 den
1538 4163 1577 4215 gr.
1595 4144 1664 4198 Text

357 4225 502 4294 geindert,
529 4246 576 4282 um
598 4229 647 4284 ihn
668 4229 721 4284 den
743 4229 925 4285 voffiuderten
943 4231 1201 4286 Zeitverhfilhnissen
1218 4230 1276 4297 (der
1293 4230 1451 4300 Rogiemng
1471 4227 1546 4283 eines
1568 4228 1663 4282 christe

356 4309 448 4365 lichen
460 4311 579 4381 Κεὶεοιε)
593 4330 768 4383 οαταραεεεα.
798 4313 890 4368 Βείιοε
902 4314 1008 4368 sehrieb
1021 4332 1050 4370 er
1063 4314 1135 4386 »πρὸ
1153 4313 1262 4370 τούτων
1280 4334 1305 4370 τ.
1316 4335 1388 4386 χρ.«,
1405 4320 1456 4370 τοῦ
1472 4310 1612 4385 βασιλέως
1622 4313 1664 4367 bis

356 4397 480 4463 καθεῖλε,
498 4397 555 4450 und
573 4397 683 4452 maohbe
701 4415 749 4452 aus
766 4397 939 4466 διωκόμεθα,
957 4393 1108 4454 διώκονται
1125 4399 1170 4454 die
1184 4399 1338 4454 Ρεεείετίία
1355 4395 1531 4468 ἐδιώχθημεν
1549 4416 1575 4452 u.
1588 4393 1664 4452 ἐδιάι-

356 4498 451 4536 κοντο.
482 4475 987 4552 καὶαιροιῖεεῖχεοὲιεῖχεση
1008 4478 1665 4556 Mamm<3¹129180ffinder

356 4565 405 4618 Ιιιί.
423 4553 526 4632 Ubera„
543 4565 619 4621 wohl
636 4569 747 4637 propter
762 4566 1014 4644 homoeoteleutop,
1032 4568 1215 4636 ausgelassen‚
1234 4587 1254 4622 s.
1273 4568 1299 4621 d.
1317 4570 1397 4622 Anm.
1415 4564 1558 4636 Caspari's.
