3708 5528
297 502 348 546 111
867 480 1036 549 llinleitung.

298 646 459 732 αἱρέσεων
472 639 602 730 μύθους
617 645 654 712 ἐκ
669 647 742 711 τῶν
757 650 917 714 παλαιῶν
931 648 991 731 τῆς
1013 645 1187 731 ἐκκλησίας
1202 638 1416 712 διδασκάλων
1431 648 1600 728 συνέλεξα,

296 740 479 815 Ἰουστὶνου
503 797 509 811 .
532 797 538 810 .
560 796 597 811 ..
626 747 682 811 καὶ
702 737 890 831 Ὠριγένους
919 749 974 813 καὶ
996 738 1222 832 Ἀδαμαντίου.
1273 749 1318 812 lb.
1341 769 1365 812 c.
1388 753 1427 813 25
1449 753 1601 814 πλεῖστοι

297 849 416 931 μέντοι
436 839 523 911 κατὰ
547 845 645 929 τῆσδε
661 847 722 930 τῆς
744 837 890 925 ἀσεβείας
905 847 973 930 (der
987 845 1207 930 Marcioniten)
1229 847 1445 932 συνέγραψαν
1461 847 1516 912 καὶ
1539 840 1601 930 γὰρ

296 939 474 1025 Ἰσυστῑνος
495 998 502 1011 .
524 998 531 1012 ·
554 998 560 1010 ·
581 949 637 1012 καὶ
658 941 822 1029 Ὠριγένης
843 948 898 1011 καὶ
920 938 1143 1031 Ἀδαμᾶντιος.

382 1062 561 1129 4Photius.
583 1061 665 1127 Bibl
688 1065 755 1126 cod.
778 1068 853 1129 231:
880 1064 1074 1148 Sophronius
1103 1064 1226 1130 belehrt
1251 1087 1310 1129 uns
1337 1055 1385 1142 ὦς
1412 1058 1517 1141 ἄλλος
1542 1065 1603 1147 μέν

300 1164 391 1230 ἔστιν
420 1154 587 1246 'corylum
618 1151 637 1227 d
666 1152 819 1239 παλαιός,
852 1159 965 1244 ἕτερος
995 1163 1031 1229 δὲ
1062 1153 1081 1229 d
1111 1155 1182 1247 μετ’
1205 1161 1334 1229 ἐκεῖνον
1364 1154 1384 1231 d
1410 1163 1603 1249 ἐπικληθεὶς

208 1269 213 1280 ”
299 1255 521 1348 Ἆδαμάντισς.

383 1388 400 1446 5
423 1369 609 1443 Anastasius
632 1375 752 1442 Sinaita
772 1378 902 1442 bendtzt
923 1379 955 1443 in
977 1380 1084 1444 seinen
1105 1377 1318 1460 Quaestiones
1341 1377 1466 1455 Quaest
1481 1384 1529 1457 48,
1553 1379 1603 1443 ein

300 1480 472 1565 Fragment
493 1481 547 1542 des
569 1477 650 1540 Dial.
672 1476 719 1540 als
742 1476 860 1542 Schrift
881 1481 935 1543 des
958 1476 1119 1564 Origenes,
1140 1502 1163 1546 s.
1185 1479 1267 1545 Einl.
1289 1479 1307 1562 ἐ
1332 1485 1379 1546 10.

383 1603 402 1664 6
417 1595 671 1660 praedestinatus
681 1590 816 1677 (Oehler‚
832 1593 922 1678 Corp.
932 1595 1014 1658 haer.
1031 1600 1051 1659 t
1066 1593 1081 1658 I
1096 1595 1212 1661 contin.
1228 1617 1286 1662 scr.
1301 1593 1603 1674 haer.min.latinos)

302 1697 424 1763 scheint
444 1697 505 1759 den
520 1692 675 1776 Dialogus
698 1691 835 1777 gekannt
856 1717 893 1756 au
908 1693 1047 1776 haben¹),
1069 1695 1109 1756 da
1130 1717 1164 1758 er
1185 1695 1322 1760 schreibt
1336 1717 1362 1761 c.
1376 1700 1428 1760 21:
1453 1693 1604 1758 »Marcio-

302 1799 394 1876 nitae,
410 1819 482 1862 cum
495 1792 703 1859 universalem
718 1792 847 1856 orientis
862 1792 1025 1857 ecclesiam
1039 1791 1241 1875 macularent,
1256 1794 1296 1858 ab
1306 1793 1440 1878 Origene
1458 1792 1604 1877 superati,

302 1896 456 1963 confutati
479 1897 510 1959 et
530 1913 586 1977 per
607 1891 747 1976 singulas
768 1897 842 1957 sunt
863 1893 1004 1958 civitates
1026 1893 1190 1958 damnati«

384 2012 551 2077 Wdhrend
572 2010 638 2074 also
661 2012 716 2074 der
736 2008 860 2092 Dialog,
881 2032 918 2072 w.
934 2032 958 2073 e.
974 2010 1045 2088 seh,
1059 2009 1104 2073 im
1118 2009 1278 2074 Altertum
1298 2009 1388 2074 nicht
1408 2010 1456 2074 oft
1476 2008 1606 2072 benutzt

302 2115 431 2179 worden
461 2111 511 2182 iet,
541 2108 624 2172 aieht
654 2131 687 2172 er
716 2108 760 2172 im
793 2115 839 2175 16.
859 2107 1073 2173 Jahrhundert
1102 2109 1160 2174 auf
1187 2107 1302 2174 einmal
1332 2112 1520 2173 unerwartet
1550 2110 1605 2170 dae

302 2213 456 2278 Interesse
478 2209 536 2273 auf
562 2208 637 2273 sich.
681 2206 822 2272 Mehrere
844 2208 1046 2272 Abschriften
1078 2209 1218 2272 datieren
1247 2231 1303 2272 aue
1333 2209 1433 2272 dieser
1453 2206 1521 2272 Zeit
1541 2208 1605 2271 und

301 2315 368 2376 vier
390 2308 574 2374 lateinische
594 2296 852 2393 llbersetzungen
873 2310 1002 2372 wurden
1032 2308 1229 2393 angefertigt,
1261 2307 1330 2373 eine
1350 2308 1383 2372 in
1406 2310 1466 2372 den
1487 2305 1604 2370 Jahren

303 2415 514 2486 1550-1555,
546 2409 623 2472 zwci
652 2407 832 2492 erschienen
862 2407 895 2470 in
917 2406 1006 2473 Paris
1035 2407 1070 2472 in
1100 2411 1171 2472 dem
1192 2407 1288 2472 Jahre
1313 2413 1399 2486 1556,
1430 2406 1498 2471 eine
1519 2407 1605 2469 ward

303 2517 398 2577 etwas
420 2512 525 2592 spdter
546 2506 810 2591 herausgegeben,
841 2507 930 2570 rdhrt
952 2507 1027 2570 aber
1048 2528 1103 2570 aus
1134 2507 1297 2572 derselben
1318 2505 1386 2572 Zeit
1407 2509 1471 2584 her,
1493 2507 1533 2569 da
1554 2506 1605 2568 die

302 2610 460 2676 Praefatio
481 2629 543 2674 von
568 2612 647 2673 1557
670 2607 783 2670 datiert
802 2605 852 2685 iet,
873 2604 970 2688 vergl.
993 2605 1074 2673 Einl.
1097 2605 1215 2688 §11ss
1253 2605 1334 2670 Was
1355 2629 1394 2670 zu
1416 2607 1532 2669 diesem
1546 2602 1605 2668 Zu-

302 2705 555 2775 sammentreffen
585 2705 821 2789 Veranlassung
856 2704 998 2790 gegeben
1033 2706 1095 2777 hat
1126 2706 1207 2770 habe
1242 2705 1293 2771 ich
1324 2705 1411 2771 nicht
1447 2703 1605 2768 ermitteln

302 2810 438 2876 kdnnen.
479 2805 539 2870 Die
561 2804 785 2878 Praefationos,
807 2803 856 2869 die
879 2803 972 2868 Picus
994 2806 1058 2868 und
1079 2803 1243 2869 Perionius
1264 2804 1348 2868 ihrer
1362 2805 1473 2869 Arbeit
1494 2826 1605 2868 voran-

303 2907 459 2986 schiclren,
483 2907 583 2991 geben
604 2903 718 2968 lreinen
739 2903 927 2969 Aufschlues
958 2906 1099 2970 dardber.
1142 2903 1213 2969 Nur
1233 2903 1422 2992 Humfridus
1444 2904 1606 2982 berichtet,

303 3013 375 3073 dass
398 3030 432 3072 er
453 3009 513 3070 den
528 3003 646 3088 Dialog
668 3003 824 3067 fibersetat
844 3004 933 3082 hehe,
956 3027 1010 3068 um
1032 3005 1138 3069 seinen
1153 3003 1384 3087 Zeitgenossen,
1406 3002 1455 3066 die
1477 3024 1537 3066 nur
1555 3001 1605 3066 die

302 3108 454 3192 prolanen
483 3105 627 3169 Antoren
656 3102 743 3168 lesen
772 3102 900 3182 wellen,
932 3102 1094 3186 geistliche
1124 3100 1282 3185 Nahrung
1311 3101 1520 3166 daraubieten.
1562 3099 1606 3165 Er

304 3208 441 3273 schreibt
462 3206 495 3268 in
516 3203 619 3268 eeiner
639 3201 750 3267 Praei:
784 3202 863 3266 »Sed
886 3206 932 3266 est
953 3203 1012 3266 hoc
1033 3201 1104 3268 loco
1125 3203 1203 3266 mihi
1229 3200 1405 3266 necessaria
1434 3222 1531 3284 prope
1553 3203 1606 3264 ad-

302 3307 439 3371 hihenda
453 3303 585 3387 querela¹
602 3307 781 3367 nostrorum
802 3302 964 3366 hominum
980 3307 1012 3366 et
1025 3307 1210 3385 temporum,
1231 3301 1345 3384 quibus
1368 3300 1437 3364 aliis
1459 3301 1492 3364 in
1514 3301 1606 3365 rebus

303 3407 530 3490 propemodum
554 3403 699 3467 omnibus
722 3401 852 3485 antiqua
872 3401 1005 3484 placent,
1027 3407 1148 3466 statuae
1171 3401 1348 3477 Caesarum,
1371 3405 1498 3466 moneta
1519 3421 1607 3482 pere-

305 3505 405 3589 grina,
427 3504 536 3567 ruinae
551 3507 582 3565 et
595 3501 745 3584 reliquiae
767 3523 880 3580 rerum,
894 3505 1050 3566 vetustate
1064 3503 1127 3565 iam
1143 3501 1326 3565 detritarum
1345 3505 1376 3565 et
1391 3499 1608 3584 collapsarum,

303 3602 534 3686 Aegyptiorum
549 3601 786 3684 hieroglyphice
795 3601 834 3664 ab
844 3601 943 3684 Iapeti
959 3605 1059 3665 aetate
1075 3603 1209 3664 deducte
1224 3605 1255 3665 et
1268 3600 1485 3685 Aborigenum
1500 3598 1608 3664 seculo

304 3707 336 3768 et
357 3702 451 3766 chaos
478 3700 666 3784 antiquiora,
689 3723 895 3785 quaecunque
922 3706 995 3765 sunt
1015 3700 1065 3763 vel
1090 3700 1222 3783 poeticis
1248 3700 1391 3764 involuta
1412 3698 1535 3776 fabulis,
1557 3695 1608 3761 vel

305 3802 434 3866 omnino
454 3799 579 3865 invola:
599 3805 788 3866 vetustatem
808 3808 912 3864 autem
926 3800 1085 3864 literatum
1100 3803 1131 3862 et
1145 3801 1332 3884 religiosam,
1342 3822 1458 3883 eosque
1473 3819 1608 3882 quorum

305 3923 376 3966 cum
406 3905 507 3965 aetate
537 3900 703 3965 coniuncta
734 3902 899 3984 prudentia
920 3901 1019 3964 virtus
1043 3904 1073 3963 et
1099 3901 1199 3983 pietas
1221 3905 1302 3978 sunt,
1324 3905 1379 3964 aut
1401 3903 1533 3982 carpunt
1554 3900 1609 3961 aut

303 4003 449 4067 mordent
470 4004 525 4064 aut
545 4000 682 4078 irrident,
705 4005 760 4065 aut
781 4005 863 4065 certe
885 4021 948 4064 non
970 4001 1152 4082 attingunt.
1168 4048 1175 4061 .
1191 4049 1220 4064 ..
1243 3999 1276 4064 Si
1299 4021 1427 4064 veneres
1449 3997 1608 4075 orationis

304 4102 331 4166 si
353 4099 497 4182 phaleras
520 4104 551 4162 et
571 4106 755 4164 ornamenta
776 4100 949 4183 aucuparis,
972 4121 1029 4164 cur
1049 4099 1154 4182 potius
1169 4102 1209 4162 ad
1224 4097 1476 4176 Demosthenem,
1491 4095 1609 4160 Home·

305 4223 382 4278 rum,
405 4199 586 4265 Ciceronem
609 4199 761 4283 profugis,
792 4223 885 4283 quam
908 4203 946 4263 ad
970 4199 1237 4281 Chrysostomum,
1264 4198 1450 4282 Gregorium
1472 4195 1608 4261 Nazian-

304 4321 424 4376 zenum,
445 4298 607 4382 Sibyllam,
629 4298 826 4365 lactantium
848 4303 902 4364 aut
916 4298 1165 4382 Hieronymum?
1202 4299 1245 4361 nt
1265 4297 1398 4362 onostri
1420 4296 1517 4362 seculi
1533 4295 1609 4364 deli·

390 4568 413 4632 l)
433 4566 509 4619 Gana
528 4565 616 4618 sicher
634 4563 671 4616 ist
688 4562 776 4616 dieser
788 4562 897 4616 Schluss
915 4562 1000 4625 nicht,
1019 4561 1055 4616 da
1068 4561 1137 4616 auch
1156 4561 1205 4615 der
1216 4559 1359 4614 wirkliche
1372 4560 1502 4629 Origenes
1521 4575 1608 4630 gagen

304 4651 349 4705 die
368 4650 550 4704 Marcioniten
568 4646 745 4718 geschrieben
763 4648 819 4702 hat.
