3744 5528
217 466 331 537 Caepari
348 466 373 521 V
391 482 414 522 o.
432 469 473 521 11.
813 466 924 537 Dialog.
1465 475 1524 537 195

219 641 287 700 datu
307 646 358 715 eet,
384 639 483 716 aratia
503 645 602 700 autem
628 645 655 699 et
674 641 787 700 ueritus
810 659 867 718 per
886 640 988 701 Imma
1011 639 1164 701 Charetem
1184 641 1263 717 saeta
1283 646 1341 700 est:
1367 634 1542 701 ostendito¹

219 736 378 818 quomodo
400 739 447 799 est
467 734 593 800 initium
614 736 836 802 dormientium
858 734 1008 801 Christus.

301 841 377 900 Mar.
399 839 439 900 ct:
460 833 510 899 Tu
532 839 669 901 ostende.

303 938 358 999 Ad.
379 939 418 999 ct:
440 935 612 1000 Ostendam
633 935 708 1018 quia
730 938 761 999 et
781 935 1011 1020 primogenitus
1034 936 1102 1015 [est]
1126 957 1164 999 ex
1190 935 1322 1000 mortuis
1345 937 1377 999 et
1401 934 1526 999 initium

183 1032 442 1098 tdormientium
470 1035 503 1099 in
532 1034 666 1100 ueritate
693 1032 835 1100 Christus
866 1038 925 1100 est:
956 1041 1021 1111 quia
1048 1039 1079 1094 hi
1109 1042 1156 1111 qui
1184 1043 1250 1096 ante
1278 1041 1416 1096 Christum
1441 1057 1526 1095 remr-

218 1134 348 1185 rexerunt
378 1149 485 1186 rursum
515 1133 617 1188 mortni
647 1136 712 1188 sunt
742 1135 784 1202 (eo
815 1133 889 1202 quod
919 1151 968 1204 pro
1001 1134 1106 1190 uirtute
1134 1134 1303 1191 mirabilium
1338 1138 1366 1191 et
1393 1152 1450 1190 non
1477 1148 1527 1204 pro

217 1215 423 1270 resurrectionis
454 1219 625 1272 saerarnento
654 1218 879 1285 resurrexerant),
918 1217 1046 1274 Christus
1080 1236 1145 1275 uero
1178 1220 1331 1274 resurreuit
1362 1236 1382 1274 a
1409 1217 1528 1272 mortuae

217 1311 241 1360 et
270 1308 344 1362 ultra
373 1310 435 1362 tum
462 1327 518 1362 reon
546 1311 677 1378 awritur,
713 1327 798 1380 usque
825 1329 901 1398 more
934 1313 962 1368 et
988 1315 1065 1368 ultra
1092 1314 1293 1392 mammeae
1329 1305 1411 1372 siout
1445 1304 1528 1368 enim

217 1403 337 1485 primus
365 1403 470 1467 Adam
495 1408 638 1470 mortuus
664 1409 723 1482 est,
748 1406 794 1470 ite
821 1411 852 1471 et
877 1407 997 1489 primus
1024 1407 1166 1475 Christus
1193 1406 1370 1473 resurrexit
1409 1403 1472 1468 Sed
1498 1405 1529 1467 et

166 1505 200 1559 10
218 1503 301 1584 ipsas
324 1503 460 1586 apostoli
485 1525 580 1569 uooes
606 1503 641 1568 in
662 1506 802 1570 medium
827 1505 968 1572 referam
1003 1506 1060 1572 Ait
1086 1529 1234 1592 namque:
1266 1511 1351 1573 Siout
1375 1509 1410 1568 ιἰι
1431 1507 1530 1569 Adam

218 1625 320 1665 omues
341 1608 523 1680 mordentur,
546 1609 589 1668 aa
609 1614 638 1668 et
656 1609 692 1668 ia
709 1611 826 1672 Christo
848 1629 952 1672 omnes
964 1612 1208 1689 uiutfieohuatcr.
1236 1611 1366 1671 Initium
1383 1607 1529 1674 Christus,

217 1705 320 1766 deiude
341 1707 374 1766 ht
395 1707 450 1784 'qm'
474 1714 547 1768 suat
570 1707 692 1768 Christi.
730 1703 813 1782 Quid
838 1707 899 1771 hoe
930 1707 1106 1772 euidentius
1132 1706 1330 1790 requirimus,
1361 1705 1447 1788 quod
1473 1723 1530 1767 nos

218 1805 385 1886 utrumque
407 1805 517 1867 doceat
543 1801 619 1885 quia
641 1807 672 1867 et
693 1811 836 1871 mortuus
858 1805 899 1869 sit
919 1804 1061 1872 Christus
1083 1811 1115 1871 et
1141 1829 1216 1871 uere
1241 1807 1336 1870 homo
1359 1802 1455 1869 fuerit
1476 1799 1532 1885 qui

218 1905 360 1966 mortuus
388 1905 455 1967 est?
492 1902 525 1966 Si
553 1902 637 1967 enim
663 1904 789 1970 initium
814 1903 957 1970 Christus
985 1927 1023 1970 ex
1048 1907 1191 1986 mortuis,
1220 1910 1256 1971 ut
1286 1926 1343 1988 per
1371 1901 1532 1968 hominem

167 2001 200 2055 15
218 2001 404 2065 resurreetio
435 2001 583 2068 inchoata
613 2003 655 2066 sit
672 1991 889 2084 mortuorum,
919 2007 1144 2090 oonsequentia
1177 2005 1329 2072 sermonis
1367 1997 1532 2086 apostolici

218 2100 421 2180 custodiatur,
441 2105 478 2165 ut
499 2102 581 2167 sieut
602 2124 658 2184 per
678 2104 839 2169 hominem
859 2126 944 2170 mors
964 2107 1061 2172 itaet
1081 2128 1138 2189 per
1158 2105 1319 2171 hominem
1345 2097 1531 2168 resurreetio

217 2195 281 2260 fiat.
316 2197 378 2263 Per
403 2199 508 2266 Adam
533 2225 626 2278 mors,
652 2224 708 2285 per
729 2201 888 2268 Christum
912 2208 1099 2270 resurreetio
1120 2205 1269 2271 inchoata
1294 2207 1349 2268 est.
1393 2201 1535 2284 Uterque

216 2299 323 2361 tamen
353 2300 448 2366 homo
484 2303 674 2386 designatur.
716 2301 874 2387 (Denique
905 2291 982 2369 dioit
1012 2305 1086 2390 quia
1114 2309 1241 2369 Primus
1271 2309 1359 2368 homo
1391 2305 1425 2365 de
1457 2310 1534 2363 terra

217 2405 361 2478 erremus,
391 2407 538 2466 serendas
563 2406 651 2466 homo
677 2406 711 2466 de
741 2408 825 2468 coelo.
846 2436 850 2444 ·
868 2402 930 2469 Sed
957 2405 1045 2470 siout
1070 2405 1129 2468 iste
1162 2403 1217 2489 qui
1239 2407 1385 2489 terrenus
1418 2398 1533 2464 dieitur

122 2511 126 2518 '
165 2503 199 2560 20
217 2520 281 2563 non
312 2501 467 2582 potuisset
495 2502 590 2566 homo
621 2502 692 2582 diei,
733 2503 795 2568 nisi
827 2503 945 2590 fuisset¹
969 2503 1101 2570 eoelitus
1131 2502 1311 2586 inspiratus,
1354 2501 1534 2580 insufflouit

218 2599 301 2662 onim
323 2605 394 2663 deus
416 2597 578 2681 infaciem
600 2607 665 2667 eius
688 2608 830 2684 spiritum
849 2611 938 2684 uitae,
968 2615 995 2669 et
1018 2607 1116 2684 faetus
1141 2612 1185 2665 eet
1211 2607 1299 2666 homo
1327 2606 1365 2665 ia
1396 2603 1533 2662 animum

217 2704 385 2763 uiuentem:
415 2699 460 2765 ita
482 2706 513 2765 et
532 2701 600 2790 iste,
630 2703 745 2785 quide
768 2703 1001 2784 maledicitur,
1027 2703 1121 2767 homo
1144 2701 1206 2765 dioi
1234 2723 1297 2764 non
1329 2701 1445 2782 posset,
1470 2695 1533 2761 nisi

217 2800 314 2888 uerbo
330 2798 458 2864 coelesti
472 2822 544 2865 earo
567 2801 740 2867 sociaretur
752 2804 890 2868 humana
911 2803 1051 2883 etaient
1072 2805 1149 2866 tuno
1162 2799 1217 2864 ille
1232 2795 1529 2882 terrenussuseepit
1590 2842 1594 2850 .

218 2899 390 2982 imaginem
412 2899 546 2980 deitatis,
567 2901 612 2965 ita
634 2905 666 2966 et
686 2924 770 2967 nune
791 2905 850 2968 iste
868 2903 1012 2968 eoelestis
1034 2901 1209 2983 susciperet
1228 2899 1435 2983 humanitatis
1456 2897 1533 2961 ima·

166 2998 200 3052 25
219 2997 325 3081 ginem
359 3003 407 3078 ut,
434 3021 505 3064 oum
535 2999 600 3084 <in>
627 3024 664 3067 eo
689 3008 798 3068 nostra
823 3003 935 3068 fuisset
963 3002 1069 3086 imago
1095 3002 1248 3083 reparata,
1277 2999 1323 3063 ita
1351 3000 1476 3062 demum
1502 2999 1535 3060 et

216 3098 314 3180 ipsius
344 3099 449 3184 imago
479 3101 696 3165 restitueretur
723 3104 757 3168 in
787 3101 898 3186 nobis).
933 3101 1008 3166 Ideo
1039 3120 1115 3184 ergo
1151 3122 1190 3164 ex
1224 3099 1316 3165 nohis
1359 3099 1529 3162 assumtam

217 3219 344 3263 earnem
369 3200 569 3283 passionibus
592 3201 698 3280 obioit,
719 3205 757 3266 ut
779 3224 816 3266 ex
837 3202 929 3266 nobis
951 3205 1112 3283 aooeptam
1138 3198 1274 3264 hostiam
1299 3189 1401 3281 possit
1422 3193 1535 3261 offerre

219 3318 277 3380 pro
305 3299 406 3378 nobis,
437 3320 518 3383 quae
541 3321 667 3364 rursum
696 3301 883 3366 resuscitata
911 3301 1001 3366 fieret
1030 3298 1221 3383 principium
1251 3295 1474 3363 dormientium
1504 3297 1536 3360 et

219 3395 453 3481 primogenitus
480 3421 518 3462 ex
544 3399 685 3464 mortuis.
717 3399 859 3466 Christus
886 3384 1058 3466 seeundum
1083 3402 1217 3464 uerbum
1246 3400 1331 3470 deus,
1362 3397 1534 3460 secundum

306 3548 322 3603 l
343 3547 407 3602 Cod.
431 3547 559 3614 ostendit,
577 3546 758 3617 gr.-det§e'rto.‘
785 3550 910 3620 Casperi:
930 3550 1046 3606 ostende
1060 3549 1065 3618 l
1081 3548 1100 3603 4
1118 3548 1167 3602 Ieh
1187 3547 1259 3602 haba
1279 3547 1352 3600 »est«
1372 3544 1535 3616 gestriohen‚

221 3630 258 3684 da
275 3647 304 3686 es
323 3631 403 3686 nieht
421 3650 474 3686 nur
491 3631 656 3703 dberfldssig
672 3633 730 3687 und
746 3635 858 3688 stdrend
875 3634 918 3698 iet,
937 3633 1056 3690 sondern
1073 3632 1146 3686 anob
1157 3631 1281 3687 insofern
1297 3629 1377 3684 nicht
1393 3631 1476 3699 paest,
1494 3628 1536 3682 als

221 3716 273 3772 Ad.
292 3715 389 3786 neigen
413 3717 472 3770 will
494 3717 556 3770 dass
576 3717 699 3772 Christus
721 3718 751 3771 in
769 3717 916 3773 Wahrheit
938 3719 986 3774 der
1002 3717 1205 3786 Erstgeborene
1229 3733 1284 3786 von
1306 3717 1361 3769 den
1378 3714 1467 3770 Toten
1488 3712 1535 3776 sei,

221 3819 299 3856 woau
322 3801 396 3855 nooh
419 3802 527 3857 kommt
549 3802 612 3856 dass
634 3819 662 3856 es
685 3801 724 3856 im
742 3821 780 3873 gr.
799 3801 829 3856 T.
848 3803 919 3858 fehlt
938 3805 942 3872 Ι
961 3802 1032 3858 5-8
1049 3791 1124 3856 Uber
1144 3799 1188 3854 die
1209 3797 1468 3878 Urspritngliehheit
1489 3797 1537 3852 der

223 3885 318 3941 Worte
343 3886 426 3954 »quia
437 3916 471 3924 -
483 3885 683 3941 dominabitur«
709 3905 729 3940 e.
752 3886 778 3941 d.
802 3891 881 3941 Anrn.
900 3908 923 3944 z.
941 3887 967 3940 d.
986 3905 1026 3958 gr.
1043 3887 1074 3939 T.
1114 3901 1160 3940 »eo
1184 3883 1259 3952 quod
1270 3913 1303 3923 -
1315 3885 1535 3938 resurrexerant«

221 3969 329 4025 seheint
345 3987 402 4026 von
420 3971 483 4026 Rus.
500 3971 682 4041 hinaugefiigt
700 3990 733 4026 zu
751 3972 817 4027 sein.
835 3972 903 4025 -B
918 3973 923 4040 Ι
941 3973 955 4026 7
978 3970 1044 4026 Ood.
1063 3968 1263 4025 resurreetione
1278 3968 1282 4036 Ι
1297 3967 1452 4036 resurrexit]
1471 3965 1536 4022 God.

221 4055 433 4121 resurreetione,
456 4073 513 4110 was
537 4055 625 4109 durch
643 4055 761 4110 Tinflues
784 4056 831 4111 des
849 4055 1082 4125 vorangehenden
1100 4052 1329 4120 aresnrreotione«
1349 4052 1380 4106 in
1398 4051 1451 4106 den
1468 4051 1538 4105 Text

222 4127 389 4208 gekommen
407 4159 440 4194 au
459 4141 517 4195 sein
535 4140 666 4208 eoheint'l
688 4141 727 4197 10
745 4140 870 4210 referam]
888 4138 1045 4210 proferam?
1061 4140 1065 4205 Ι
1082 4138 1195 4194 18-2t
1214 4137 1269 4192 Der
1288 4137 1339 4192 lat.
1358 4135 1428 4190 Text
1449 4136 1537 4191 dieser

221 4223 295 4278 Rede
314 4224 362 4278 des
380 4225 433 4280 Ad.
451 4226 489 4280 ist
513 4226 575 4280 eine
597 4221 661 4279 sehr'
683 4225 750 4279 freie
767 4227 947 4295 Parephrase;
976 4224 1062 4278 daher
1083 4222 1122 4277 ist
1145 4239 1172 4276 ea
1192 4221 1297 4276 sohwer
1315 4239 1349 4275 zu
1364 4220 1537 4285 bestimmen,

222 4325 278 4362 was
296 4309 359 4363 Rus.
380 4309 409 4364 in
428 4310 516 4364 seiner
535 4309 658 4378 Vorlage
675 4308 826 4379 gesunden,
847 4327 904 4364 was
922 4326 952 4363 er
968 4307 1151 4378 hinzugefflgt
1167 4306 1225 4360 hat
1260 4305 1312 4360 Die
1329 4304 1431 4360 beiden
1449 4305 1538 4361 (litate

222 4391 316 4448 haben
329 4411 425 4448 unsere
444 4413 484 4464 gr.
494 4395 565 4450 HSS.
577 4392 663 4448 nieht.
682 4394 749 4448 -B
765 4395 769 4460 Ι
786 4392 901 4460 181191
916 4395 1075 4450 conlinit
1092 4394 1096 4462 t
1113 4389 1228 4447 20-22
1243 4390 1354 4470 θοιι.’2ε
1370 4393 1384 4444 7
1400 4393 1404 4458 Ι
1421 4390 1457 4445 st
1477 4389 1536 4444 ›in‹

223 4475 296 4532 fehlt
313 4476 353 4531 im
367 4477 432 4532 Cod.
448 4480 452 4546 t
469 4479 556 4545 26]ξῖ
578 4479 644 4533 God.
656 4480 777 4532 assumta
794 4480 894 4548 earne}
910 4479 949 4534 29
969 4479 1033 4533 God.
1046 4475 1196 4532 seeundum
1215 4465 1329 4527 uerbum
1352 4474 1426 4541 deus,
1444 4492 1537 4530 seeun-

224 4562 290 4616 dum
308 4562 425 4617 uerbum
441 4564 533 4618 homo.
569 4562 681 4633 Caepari
703 4562 817 4632 riehtig:
843 4579 895 4617 seo.
914 4580 1024 4618 earnem
1040 4564 1132 4618 homo.
1168 4557 1253 4612 Wohl
1279 4558 1362 4613 aueh:
1388 4561 1536 4616 seeundum

223 4645 350 4716 spiritum
368 4646 442 4714 deus,
459 4648 516 4720 vgl.
535 4648 560 4702 d.
579 4665 619 4717 gr.
636 4647 667 4702 T.
685 4677 717 4686 -
730 4647 762 4701 Β.
1289 4701 1292 4706 ,

1269 4726 1325 4780 13*
