3744 5524
194 571 198 578 1
217 491 328 563 Caspari
345 493 372 547 11
390 510 411 548 c.
430 494 453 549 Β.
472 495 497 550 9.
811 493 919 565 Dialog.
1482 503 1520 562 75

219 664 295 726 deus
326 660 463 726 uolutari
489 661 675 745 figmentum
706 665 856 727 creatoris
882 667 914 728 et
939 663 1104 748 palpitare,
1135 664 1222 728 misit
1247 687 1285 728 ex
1310 663 1438 747 proprio
1465 685 1522 729 suo

219 760 331 844 spiritu
358 765 389 825 et
415 760 591 826 uiuifieauit
612 761 779 828 hominem
821 761 894 828 Hoc
916 767 964 828 est
988 784 1064 849 ergo
1092 765 1178 847 quod
1198 785 1255 828 nos
1277 764 1411 830 dicimus
1432 764 1522 846 spiri-

219 865 287 924 tum
309 860 433 926 saluum
453 861 529 926 fieri.

301 966 356 1024 Ad.
374 965 414 1025 et:
437 959 553 1026 Omnes
569 960 717 1025 homines
734 963 773 1025 de
792 962 853 1026 hoc
874 961 988 1045 spiritu
1008 964 1134 1040 habent
1157 961 1292 1028 autsoli
1312 962 1361 1026 illi
1383 963 1438 1046 qui
1459 985 1523 1028 cre-

182 1060 299 1123 odunt
318 1061 423 1125 bono?

300 1165 391 1224 Mora
414 1165 455 1224 d:
481 1159 542 1224 Per
563 1159 785 1225 eucharistiam
806 1160 901 1225 uenit

270 1327 271 1330 ,
300 1265 353 1324 Ad.
376 1265 416 1326 d:
444 1259 609 1336 Quomodo
636 1259 710 1342 ergo
738 1259 864 1325 dicebas
891 1261 966 1344 quia
992 1263 1033 1325 ad
1055 1259 1189 1326 salutem
1211 1262 1374 1326 hominum
1396 1263 1523 1326 descen·

218 1360 283 1424 dit?
313 1357 388 1424 Non
414 1378 489 1442 ergo
515 1358 578 1423 iam
607 1358 766 1423 hominem
788 1358 911 1424 saluare
932 1361 1032 1440 uenit,
1053 1363 1108 1424 sed
1129 1361 1291 1444 proprium
1313 1360 1471 1444 spiritum,
1493 1364 1525 1426 et

218 1459 320 1525 salute
341 1459 463 1543 indiget
484 1460 559 1523 boni
581 1459 631 1523 dei
653 1458 790 1542 spiritus.
833 1458 859 1524 Ο
885 1461 965 1524 mira
986 1460 1193 1542 impudentia!
1223 1459 1455 1526 Condemnatus
1477 1466 1525 1526 est

169 1573 201 1627 10
218 1558 346 1642 spiritus
368 1557 444 1622 boni
471 1557 522 1622 dei
548 1580 620 1622 cum
645 1558 784 1638 homine,
814 1559 943 1642 spiritus
965 1559 1020 1624 ille
1048 1581 1141 1643 quem
1167 1564 1295 1624 miserat
1319 1559 1421 1625 bonus
1448 1562 1524 1625 deus

218 1682 237 1722 a
263 1662 402 1723 creatore
429 1659 601 1722 damnatur.
644 1656 730 1742 Ergo
758 1658 817 1722 erit
842 1658 956 1722 melius
983 1663 1156 1724 creatorem
1178 1659 1321 1724 confiteri
1343 1662 1435 1724 deum
1455 1664 1524 1724 tan·

218 1781 312 1842 quam
327 1757 512 1822 ualidiorem
534 1757 589 1840 qui
609 1757 749 1839 potuerit
770 1757 865 1827 etiam
885 1758 962 1823 boni
983 1758 1034 1822 dei
1055 1758 1200 1841 spiritum
1222 1761 1439 1824 condemnare.
1475 1759 1524 1824 Ex

219 1879 282 1940 quo
308 1855 408 1922 multo
434 1855 536 1940 magis
562 1858 733 1921 uerendum
755 1861 802 1922 est
828 1881 867 1922 ne
890 1861 921 1923 et
943 1880 996 1923 eos
1018 1861 1206 1923 condemnet
1226 1858 1381 1938 homines,
1407 1859 1463 1942 qui
1485 1860 1523 1922 ab

218 1957 287 2040 ipso
317 1955 395 2021 facti
425 1960 510 2036 sunt,
541 1955 567 2020 si
597 1978 661 2021 non
691 1956 908 2040 obtemperant
937 1957 1005 2022 sibi.
1048 1957 1114 2023 Aut
1140 1979 1203 2022 non
1231 1962 1278 2022 cst
1300 1961 1524 2024 condemnatus

169 2068 201 2121 15
218 2055 356 2139 spiritus,
380 2060 411 2120 et
432 2055 625 2138 superfluum
647 2060 701 2134 est,
724 2059 809 2140 quod
830 2056 947 2138 dicitis,
969 2057 1052 2122 huno
1073 2059 1198 2122 uenisse
1220 2059 1260 2122 ob
1283 2056 1415 2122 salutem
1437 2079 1525 2140 repa·

218 2159 347 2220 randam
369 2177 477 2220 eorum
500 2155 555 2239 qui
575 2155 702 2219 fircrant
723 2158 929 2222 condemnati.

302 2671 327 2714 c.
348 2651 417 2718 IX.
453 2655 525 2732 Moy.
549 2655 587 2715 d:
620 2649 729 2715 Bonus
764 2652 841 2714 deus
870 2643 988 2714 uidens*
1016 2651 1254 2715 condemnatam
1285 2671 1352 2714 esse
1382 2649 1526 2726 animam,

219 2748 365 2814 misertus
393 2754 440 2814 est
467 2754 498 2815 et
518 2751 614 2815 uenit
656 2749 827 2832 Propterea
847 2753 969 2814 creator
990 2752 1066 2814 deus
1088 2747 1190 2814 uoluit
1212 2749 1241 2814 ei
1261 2748 1415 2827 insidiari;
1444 2750 1526 2812 unde

221 2854 252 2913 et
272 2849 397 2931 putauit
418 2871 451 2913 se
473 2872 544 2914 eum
567 2850 652 2915 cruci
675 2849 815 2933 affigere.

168 2967 203 3022 20
303 2954 358 3012 Ad.
379 2953 419 3014 d:
447 2947 530 3014 Mori
551 2971 608 3032 pro
631 2949 731 3014 salute
752 2949 915 3014 hominum
938 2947 1041 3032 elegit,
1063 2971 1103 3012 an
1125 2948 1163 3012 ab
1186 2947 1248 3012 alio
1270 2951 1398 3012 coactus
1420 2951 1486 3012 est?

301 3054 374 3128 Meo.
396 3053 434 3112 a:
465 3047 606 3129 Creator,
637 3072 708 3114 cum
733 3047 865 3114 uidisset
888 3047 1008 3113 bonum
1034 3049 1128 3112 deum
1154 3046 1276 3112 soluere
1302 3046 1406 3131 legem
1428 3069 1526 3124 suam,

219 3146 386 3212 insidiatus
406 3152 453 3212 est
472 3148 508 3229 ei,
530 3149 671 3214 nesciens
694 3149 787 3232 quod,
809 3169 881 3212 cum
894 3146 1081 3212 immortalis
1097 3151 1186 3226 esset,
1208 3148 1247 3212 ob
1271 3145 1403 3211 salutem
1426 3146 1525 3211 homi·

220 3270 297 3312 num
318 3247 414 3312 uenit.

303 3353 358 3411 Ad.
380 3352 420 3412 ot:
449 3347 532 3411 Mori
558 3369 614 3431 pro
642 3348 742 3412 salute
768 3347 931 3412 hominum
959 3346 1027 3428 ipse
1049 3343 1179 3430 delegit,
1208 3350 1263 3411 aut
1288 3346 1327 3410 ab
1357 3345 1419 3411 alio
1442 3368 1525 3412 com·

169 3464 203 3517 25
222 3446 333 3529 pulsus
356 3451 421 3511 est?
817 3487 821 3497 ·

303 3552 377 3626 Moy.
399 3551 438 3610 ct:
467 3545 538 3629 lpse
560 3547 686 3631 delegit
727 3544 803 3612 Non
824 3545 908 3610 enim
929 3568 947 3608 a
968 3550 1068 3610 morte
1091 3544 1212 3628 aliquid
1233 3543 1423 3610 laedebatur.

304 3650 360 3710 Ad.
381 3650 421 3711 d:
449 3644 538 3730 Ergo
561 3668 624 3711 non
645 3645 811 3710 insidiatus
834 3649 882 3709 est
903 3644 932 3708 ei
954 3648 1082 3710 creator.

304 3751 389 3810 Eutr.
411 3750 450 3810 a:
479 3743 521 3809 Et
543 3747 613 3829 quis
635 3749 700 3809 tam
720 3745 982 3827 inconsequenter
1003 3747 1096 3828 agat?
1126 3741 1260 3808 insidias
1289 3743 1367 3808 dicis
1388 3743 1421 3806 id
1444 3746 1529 3827 quod

222 3849 332 3926 sponte
359 3844 484 3928 delegit
528 3842 562 3909 Si
587 3844 654 3927 ipse
684 3844 799 3924 uoluit,
829 3866 867 3908 ax
892 3842 1050 3925 superfluo
1081 3841 1282 3906 nominantur
1313 3842 1452 3907 insidiae.
1496 3841 1529 3906 Si

309 4396 324 4450 l
351 4393 416 4448 eoo
434 4392 585 4448 uoluntarii
608 4395 612 4462 Ι
637 4394 703 4450 Cod.
721 4394 880 4448 ficmentum
903 4393 907 4458 Ι
933 4393 969 4447 ll
991 4390 1047 4446 Vor
1071 4407 1152 4460 »ergo
1176 4389 1241 4444 erit«
1267 4387 1328 4444 sind
1351 4388 1447 4443 Worte
1472 4406 1530 4442 aus·

222 4479 361 4550 gelassen;
380 4477 435 4548 vgl.
449 4478 475 4532 d.
488 4496 527 4546 gr.
540 4477 569 4532 Τ.
598 4478 662 4532 Rus.
680 4477 747 4533 fand
765 4477 809 4532 die
825 4475 1045 4546 Wiederholung
1060 4475 1178 4545 unnotig
1194 4475 1251 4529 und
1267 4474 1364 4528 laurate
1382 4473 1425 4528 ab.
1444 4474 1510 4526 -B
1527 4473 1531 4541 l

224 4564 262 4619 15
281 4563 346 4618 Cod.
364 4570 400 4617 no
419 4588 452 4606 =
469 4579 549 4616 nune.
584 4561 639 4616 Der
656 4581 696 4634 gr.
714 4562 744 4617 T.
762 4569 864 4617 τοῦτον
884 4562 889 4629 Ι
910 4559 949 4614 22
967 4561 1029 4615 Rus.
1047 4560 1098 4613 hat
1115 4559 1140 4612 d.
1159 4577 1199 4630 gr.
1217 4559 1247 4612 T.
1265 4558 1344 4613 nicht
1361 4555 1532 4612 verstanden.

223 4649 275 4702 Las
294 4665 323 4701 er
341 4644 508 4713 ἀθάνατοςῖ
525 4648 601 4702 -Β,
718 4711 719 4716 ¹
