3744 5528
346 477 405 541 202
903 470 1091 525 Adamantius.
1185 471 1226 526 De
1243 471 1272 524 la
1289 471 1347 526 Rue
1364 471 1402 524 IV
1420 472 1554 528 &Sd-v
1571 473 1655 531 8591).

347 639 528 722 Δροσερίου
547 660 585 702 τε
599 639 654 702 καί
670 639 833 722 Μαρίνου.
874 639 930 702 καί
952 627 990 715 ὃς
1012 639 1082 722 μέν,
1104 639 1219 715 καλῶς
1240 632 1435 718 πιστεύσας,
1459 631 1654 722 ἀνέβλεψεν,

346 736 379 803 οί
401 738 446 816 δέ,
467 727 524 803 ἀπ’
548 727 762 815 ἀπαιδευσίας
776 730 1003 821 ἐλαυνόμενοι,
1027 732 1271 820 τυφλώττουσι
1293 733 1358 822 τήν
1374 731 1537 817 διάνοιαν,
1560 728 1653 806 οὕτω

346 838 527 922 τηλαυγῶς
558 835 782 915 ἐπαινοῦντος
817 839 881 904 τοῦ
912 838 1062 922 Χριστοῦ
1093 831 1158 921 τήν
1188 838 1252 903 τού
1281 839 1418 921 τυφλοῦ
1452 840 1569 904 πίστιν
1598 840 1654 904 καὶ

346 937 521 1020 λέγοντος·
554 928 798 1019 ἀνάβλεψον,
827 927 847 1020 ή
869 938 1006 1014 πίστις
1027 955 1098 1003 σου
1119 937 1271 1003 σέσωκέ
1291 955 1339 1003 σε.
1382 927 1401 1003 ὁ
1424 937 1460 1003 δὲ
1481 931 1655 1004 πιστεύων

310 1028 474 1118 στυφλὸς
501 1037 558 1102 καὶ
585 1030 650 1120 τήν
675 1030 765 1102 κατὰ
792 1027 899 1120 σάρκα
923 1038 980 1101 καὶ
1006 1030 1071 1121 τὴν
1096 1031 1185 1102 κατὰ
1210 1039 1342 1120 πνεῦμα
1363 1039 1556 1122 παρουσίαν
1577 1027 1654 1123 δμο-

311 1160 327 1198 ε
345 1140 445 1219 λογεῖ,
469 1133 514 1212 είς
530 1127 708 1219 ἀμφότερα
722 1129 893 1201 πιστεύων
909 1123 963 1202 ότι
979 1129 1059 1215 θεὸς
1075 1136 1113 1203 έν
1128 1127 1307 1222 ἀνθρώπῳ
1324 1137 1402 1203 ἐστί.
1438 1139 1494 1202 καὶ
1510 1130 1654 1220 πρῶτόν

344 1258 381 1319 γε
402 1232 560 1319 έπιγνούς
582 1229 645 1301 τὸν
669 1229 870 1320 ἄνθρωπον,
893 1227 995 1313 εύθύς
1011 1240 1166 1319 γνωρίζει
1185 1239 1241 1302 καί
1257 1230 1320 1301 τὸν
1335 1229 1464 1318 κύριον.
1499 1239 1555 1302 καί
1576 1239 1653 1322 περὶ

343 1337 404 1419 μὲν
431 1338 494 1401 τοῦ
520 1325 712 1420 άνθροόπου
738 1337 854 1419 φησίν·
884 1325 942 1400 ύιὲ
970 1336 1104 1412 Δαυίδ,
1135 1329 1302 1420 ἐλέησόν
1328 1360 1386 1421 με,
1417 1337 1494 1418 περί
1524 1336 1559 1401 δὲ
1590 1336 1654 1403 τοῦ

343 1436 441 1502 θεοῦ·
462 1429 590 1518 κύριε,
612 1431 677 1500 ίνα
699 1424 923 1518 ἀναβλέψω.
957 1426 1033 1500 κατ’
1056 1423 1118 1502 οὖν
1140 1429 1184 1501 τά
1199 1428 1347 1516 δόξαντα
1362 1450 1435 1514 τοῖς
1454 1438 1532 1520 περὶ
1548 1436 1653 1516 Μαρῖ-

295 1543 406 1600 1ονον
428 1534 456 1598 εί
477 1527 521 1618 μή
545 1534 638 1601 ἐστιν
664 1529 736 1610 υίὸς
759 1534 874 1614 Δαυΐδ,
906 1530 1017 1620 ἑαυτῷ
1044 1534 1263 1601 ἐναντιοῦται
1289 1525 1309 1601 δ
1332 1529 1494 1619 Χριστός,
1521 1530 1569 1620 πή
1591 1536 1653 1618 μὲν

344 1628 399 1701 διά
424 1627 465 1698 τό
494 1622 587 1711 ὅλως
611 1635 870 1701 πεπιστευκέναι
897 1626 1084 1716 ἀναβλέψαι
1105 1629 1263 1712 κελεύσας
1285 1627 1348 1701 τὸν
1369 1629 1519 1717 τυφλόν,
1545 1629 1594 1719 πή
1616 1635 1652 1700 δὲ

343 1732 381 1799 ἐν
409 1735 451 1816 τῇ
477 1728 564 1818 πρὸς
590 1725 770 1810 Ἰουδαίους
796 1726 909 1799 πεύσει
936 1726 1112 1815 ἀρνεῖσθαι
1138 1735 1202 1800 τοῦ
1228 1729 1314 1800 εἶναι
1340 1727 1415 1801 υἱὸν
1443 1735 1553 1800 Δαυίδ.
1596 1736 1652 1801 καὶ

343 1833 419 1910 πῶς
434 1824 497 1899 ούκ
512 1830 605 1899 ἔστιν
624 1834 781 1911 ἐναντίος
802 1834 856 1898 καί
872 1827 983 1917 ἑαυτῷ
1001 1825 1243 1915 ἀντιπράττων
1258 1825 1338 1900 καθ’
1353 1825 1437 1919 ύμάς
1454 1825 1473 1900 δ
1489 1826 1653 1919 Χριστός;

314 1935 453 1997 λταῦτα
475 1934 510 1998 δὲ
535 1935 704 2018 συμβαίνει
726 1946 799 2010 τοῖς
821 1935 865 2015 τῇ
887 1922 1069 2011 άσυστάτω
1092 1932 1214 2015 αίρέσει
1234 1923 1485 2052 χρωμένοιςη
1465 1958 1551 2000 οταν
1572 1925 1650 1999 άνα

293 2036 326 2090 15
343 2026 529 2112 κολούθοις
541 2027 777 2153 έπιτηδεύωσι
797 2033 942 2148 χρῆσθαι
963 2033 1192 2116 μυθολογίαις,
1217 2033 1360 2098 τοιαῦτα
1382 2025 1499 2112 αὐτοῖς
1517 2025 1652 2154 ἀνάγκη

345 2124 503 2201 ἀπαντᾶν
530 2126 744 2251 ἀτοπήματα.
783 2125 846 2249 χρή
873 2129 936 2198 οὐν
963 2129 1104 2198 έπεσθαι
1127 2126 1241 2216 τούτῳ
1265 2134 1315 2217 τῷ
1338 2124 1528 2218 δόγματι
1503 2159 1532 2200 ω
1554 2135 1609 2198 καὶ
1632 2123 1652 2198 ὁ

344 2226 474 2314 τυφλός
496 2227 586 2309 σοόας
603 2227 664 2308 τάς
679 2219 775 2312 ὄψεις
792 2218 1040 2314 ἀπείληφεν,
1013 2257 1042 2316 ῳ
1065 2222 1162 2297 καὶ
1143 2257 1161 2298 ο
1179 2225 1353 2315 Χριστος
1339 2227 1516 2318 εμαρτύρει
1537 2234 1652 2309 καλως

272 2332 323 2387 859
343 2324 591 2397 πεπιστευκότι.
612 2332 616 2414 1
637 2319 722 2397 ὅθεν
742 2328 892 2408 καλως”
876 2353 963 2413 εχειν
985 2325 1134 2397 δοκεῖ
1096 2355 1161 2415 την
1174 2334 1292 2397 πίστιν
1306 2333 1380 2397 τοῖιν
1400 2334 1478 2414 περί
1495 2337 1652 2418 Μαρῖνον

343 2430 399 2494 καί
421 2421 608 2512 ἀπορρίψαι
628 2433 686 2496 καὶ
707 2421 1014 2514 ἀποσφενδονήσαι,
1037 2424 1156 2514 πόρρω
1173 2433 1233 2514 τῆς
1257 2423 1417 2516 ἀληθείας
1431 2425 1651 2516 ύπάρχουοαν

293 2532 327 2587 20
343 2530 398 2596 καί
419 2523 506 2594 κατά
527 2531 630 2616 μηδὲν
652 2533 695 2614 τῇ
716 2524 860 2615 θεότητι
880 2522 1128 2614 προσήκουσαν.
1164 2524 1288 2614 μύθοις
1303 2526 1365 2615 γάρ
1379 2534 1436 2597 καὶ
1452 2533 1652 2614 φαντασίαις

343 2631 398 2694 καὶ
420 2621 553 2712 δοκήσει
575 2624 805 2708 πιστεύοντες,
828 2622 928 2714 μύθῳ
950 2631 1005 2694 καὶ
1030 2633 1199 2716 φαντασίᾳ
1221 2633 1276 2696 καί
1298 2623 1431 2715 δοκήσει
1454 2625 1519 2715 τήν
1540 2650 1649 2714 σωτη-

255 2752 256 2755 ’
344 2730 420 2810 ρίαν
443 2723 504 2794 σὺν
526 2729 576 2812 τῷ
600 2721 742 2814 δόγματι
766 2726 903 2812 ἕξουσιν.
948 2717 984 2794 εύ
1006 2718 1068 2794 οὖν
1090 2727 1176 2812 ἔχειν
1197 2753 1254 2814 μοι
1276 2731 1369 2795 δοκεῖ
1389 2733 1544 2816 ιίίαρῖνον
1565 2723 1649 2797 παύ-

344 2834 467 2894 σασθαι
490 2819 558 2894 άπὸ
582 2829 643 2912 τής
658 2832 855 2912 φιλερίοτου
869 2826 1014 2914 γνώμης,
1037 2822 1264 2913 εὐγνωμόνως
1279 2829 1334 2894 έπί
1349 2825 1414 2897 τόν
1429 2831 1550 2912 τρίτον
1565 2818 1650 2913 όρον

344 2920 658 3012 έγκαταγινόμενον,
682 2930 839 2995 τουτέστι
860 2922 923 2993 τὸν
944 2930 1020 3011 περὶ
1043 2929 1104 3012 τῆς
1125 2917 1344 3007 ἀναστάσεως
1366 2921 1481 3013 λόγον.

272 3028 324 3082 25b
428 3029 530 3091 ΜΑΡ.
568 3030 608 3094 Εἰ
629 3022 741 3106 βούλει
763 3019 847 3110 ύπὲρ
869 3028 930 3112 τῆς
946 3019 1110 3110 ἀληθείας
1131 3030 1297 3112 γενέσθαι,
1321 3026 1463 3114 ἑτοίμως
1485 3026 1550 3112 ἔχω
1573 3031 1650 3112 περὶ

346 3121 472 3194 τούτου
494 3126 596 3208 δεῖξαι
619 3119 772 3211 ἀκριβῶς.

427 3229 548 3293 ΕῩΤΡ.
591 3219 750 3312 Πάρεισιν
776 3218 837 3308 ούχ
864 3223 896 3291 οἱ
923 3219 1083 3308 τυχόντες
1110 3221 1241 3312 ἄνδρες·
1272 3218 1370 3295 αύτοί
1398 3229 1593 3312 λεγέτωσαν
1622 3230 1651 3294 εί

344 3325 460 3411 ἐξέβην
486 3327 549 3392 τοῦ
577 3326 716 3391 δικαίου.
760 3327 787 3391 εί
813 3326 849 3391 δὲ
876 3319 916 3391 οὐ
940 3316 1086 3411 ἥττησαι
1107 3315 1127 3410 ή
1151 3320 1359 3395 δεδούλωσαι
1380 3322 1551 3413 προλήψει
1572 3352 1651 3413 κρα-

345 3418 518 3509 τούμενος,
541 3425 615 3510 ἐμοὶ
638 3423 751 3491 αἰτίαν
773 3417 814 3491 ού
835 3425 1063 3509 προσαπτέον.

294 3528 328 3582 30
428 3527 531 3588 MAP.
567 3526 609 3590 Εί
631 3517 795 3604 βούλεσθε
816 3519 900 3608 μετὰ
921 3516 1031 3608 πάσης
1053 3517 1215 3610 ἀληθείας
1237 3520 1301 3612 τήν
1324 3521 1462 3612 ζήτησιν
1483 3529 1649 3612 γενέσθαι,

344 3616 599 3710 παραιτήσασθε
620 3618 664 3690 τά
687 3617 961 3706 φιλοσοφούμενα
982 3638 1057 3700 ταῖς
1079 3640 1224 3709 γραφαῖς
1244 3619 1444 3709 πειθόμενοι
1465 3621 1592 3711 μόναις.

427 3723 495 3787 ΑΔ.
537 3725 737 3807 Πεισθωμεν
759 3737 834 3801 ταῖς
855 3736 1007 3808 γραφαῖς.

427 3824 550 3889 ΕΡΊῬ.
594 3815 685 3908 Δήλη
708 3815 729 3908 ἡ
751 3814 994 3906 συγκατάθεσις
1018 3815 1230 3907 ἀμφοτέρων.

429 3923 531 3988 ΜΑΡ.
577 3923 696 4006 Οἲομαι
716 3912 771 3990 ὅτι
793 3915 916 4000 ἀδίκως
937 3915 1134 4006 ἐπιβάλλετε
1156 3917 1221 4008 τήν
1243 3914 1382 4008 ζήτησιν
1404 3916 1541 4010 ταύτην.

430 4057 515 4110 Ῑκαί
533 4052 565 4122 ίίς
581 4055 635 4126 μέν
652 4057 733 4124 ΑΕΗ,
750 4059 799 4112 καί
817 4053 834 4112 δ
851 4057 905 4126 μὲν
923 4058 955 4125 D,
975 4054 1006 4123 ὃς
1024 4056 1077 4126 μὲν
1095 4058 1193 4114 d.1“1br.
1208 4059 1213 4126 1
1228 4058 1247 4111 2
1265 4058 1298 4110 In
1317 4058 1370 4112 den
1381 4061 1485 4129 Ausgg.
1503 4058 1585 4130 θερί
1601 4059 1653 4114 mit

345 4133 419 4194 οίίτω
435 4143 582 4210 τηλαυγῶς
602 4141 647 4196 οἱα
665 4159 749 4197 neuer
766 4141 830 4196 θεία
848 4160 885 4197 οτι
907 4145 912 4210 l
936 4144 976 4198 28
995 4144 1155 4215 φιλερίστου
1173 4142 1307 4210 ΑίΒίβΗ,
1330 4143 1386 4213 vgl.
1405 4145 1489 4211 8490,
1513 4141 1653 4215 φιλέριδος

346 4223 371 4276 ιλ
389 4224 807 4296 βυτ.124καταγινδμενον’ί1
824 4226 862 4283 25
881 4227 934 4281 Mit
952 4225 978 4282 εί
993 4226 1090 4300 βούλει
1106 4227 1188 4297 θλιηζλ
1206 4227 1295 4282 Sentio
1309 4227 1335 4283 V
1351 4227 1397 4283 bei
1415 4227 1449 4283 de
1466 4227 1497 4282 1ο
1514 4227 1572 4282 Rue
1590 4245 1625 4281 an
1646 4227 1651 4294 1

347 4307 386 4364 28
404 4305 512 4382 ἐξέβην]
530 4307 644 4380 ἐξέστην
661 4311 696 4364 13¹
714 4329 747 4366 w.
766 4329 788 4365 e.
807 4311 862 4368 sch.
877 4314 882 4379 l
897 4309 914 4380 ἢ
932 4311 1102 4367 δεδούλωσαι
1120 4312 1145 4365 d.
1164 4311 1234 4365 HSS.
1264 4311 1338 4367 Rufi:
1356 4311 1435 4366 ι’ίίοαι
1452 4313 1484 4366 in
1502 4329 1556 4381 ηιιιι
1570 4327 1652 4381 μναα-

345 4399 439 4447 ventus
450 4412 478 4448 εε
486 4395 740 4464 praesumptionem
755 4396 758 4464 Ι
775 4397 812 4452 81
826 4397 1053 4468 παραιτήσασθε]
1065 4394 1312 4469 παραινεγθέσθαι
1324 4398 1405 4461 ΑίΒί,
1420 4398 1652 4470 παραιτήσασθαι

346 4479 420 4532 A²13²
443 4481 446 4546 Ι
470 4479 553 4534 3411.
571 4479 597 4534 S.
616 4481 704 4548 204,1
724 4481 885 4535 Auffallend
906 4481 943 4534 ist
965 4480 1013 4534 der
1030 4481 1175 4536 Gebrauoh
1197 4481 1245 4535 δοε
1263 4481 1392 4536 Achivum
1415 4477 1579 4554 έπιβοίλλετε
1597 4479 1652 4534 und

346 4561 393 4616 des
419 4561 540 4618 Medium
571 4561 796 4638 ἐπιβαλλόμενον
825 4563 1054 4620 nebeneinander.
1089 4567 1199 4620 Miissen
1229 4565 1280 4620 wir
1311 4563 1497 4638 έπιβάλλεσθε
1525 4565 1568 4621 od.
1596 4561 1653 4620 έπι-

345 4645 434 4720 βάλλη
451 4648 548 4703 lesen?
