3744 5528
223 864 442 944 Adamantius,
477 864 532 948 qui
568 864 660 930 nobis
690 886 817 949 quoque
852 865 990 930 ostendit
1019 869 1121 930 rectae
1157 864 1231 928 fidei
1265 863 1528 943 indeclinabilem,

224 963 493 1030 euidentissimum
514 963 640 1043 lineam,
662 986 700 1028 ex
721 986 785 1048 qua
806 964 869 1028 fide
891 962 1065 1048 effugatum
1087 968 1134 1028 est
1156 985 1248 1029 omne
1269 963 1476 1043 mendacium,
1497 968 1528 1029 et

223 1064 325 1128 omnis
346 1064 438 1129 fucus
452 1063 621 1128 adulterini
641 1063 799 1148 dogmatis
814 1063 963 1147 depulsur
986 1069 1033 1129 est
1051 1068 1082 1128 et
1100 1063 1249 1129 abiectus.
1284 1061 1394 1128 Unum
1411 1063 1529 1129 'etenim

224 1166 256 1227 et
276 1162 379 1228 solum
401 1167 494 1228 deum
515 1163 606 1228 nobis
629 1162 789 1228 euidenter
810 1164 955 1240 ostendit,
977 1185 1041 1229 non
1062 1162 1279 1242 aduentitium,
1299 1184 1364 1228 non
1381 1162 1528 1243 alienum,

191 1267 288 1327 enon
313 1262 466 1346 ignotum,
496 1284 558 1328 non
585 1284 704 1328 nouum
736 1267 767 1326 et
792 1261 929 1328 incolam
959 1262 1011 1327 uel
1031 1264 1187 1346 hospitem
1218 1262 1338 1326 alienae
1360 1267 1528 1343 creaturae,

225 1363 279 1426 sed
301 1383 373 1426 eum
398 1362 454 1445 qui
474 1363 618 1445 propriae
645 1361 833 1426 conditionis
856 1361 1047 1427 etfacturae
1069 1361 1290 1442 sitdominus,
1315 1361 1367 1426 cui
1387 1362 1529 1428 subiecta

224 1461 287 1525 sint
317 1461 430 1540 omnia,
460 1461 512 1526 cui
541 1483 605 1526 non
630 1462 761 1526 materia
782 1466 955 1540 coaeterne,
979 1482 1038 1526 nec
1060 1460 1147 1526 eliud
1168 1461 1295 1555 ‘aliquid
1316 1460 1447 1545 aequale
1472 1462 1529 1540 illi,

225 1561 280 1643 qui
314 1582 352 1625 ex
387 1560 482 1626 nullis
518 1560 711 1625 exstantibus
746 1561 834 1625 iuxta
868 1562 1021 1626 rationem
1057 1560 1204 1626 uniuersa
1239 1560 1403 1640 creauerit,
1438 1561 1528 1626 cuius

224 1661 355 1724 uerbum
375 1680 413 1723 ac
434 1658 526 1738 filius,
548 1681 709 1725 assumens
731 1660 867 1726 hominis
888 1665 1041 1740 naturam,
1062 1660 1096 1723 id
1117 1664 1164 1724 est
1185 1659 1322 1725 animem
1344 1664 1375 1724 et
1396 1681 1529 1740 earnem,

174 1763 207 1817 10
224 1758 490 1841 dispensationem
517 1759 672 1823 humanae
701 1758 811 1824 salutis
842 1760 1024 1844 expleuerit,
1059 1783 1123 1825 non
1153 1759 1337 1826 erubescens
1373 1781 1529 1825 assumere

224 1859 310 1940 quod
339 1857 406 1940 ipse
437 1857 602 1932 creauerit,
632 1861 669 1921 ut
698 1863 729 1922 et
759 1858 892 1924 salutem
921 1860 970 1923 his
1001 1881 1081 1943 quos
1112 1881 1178 1925 esse
1209 1860 1326 1924 fecerat
1353 1859 1530 1944 largiretur,

316 4568 330 4623 7
350 4545 415 4624 Ccd.
427 4571 509 4636 sunt!
526 4567 591 4623 God.
604 4566 659 4622 illie
674 4567 678 4636 Ι
693 4568 711 4621 9
729 4568 795 4623 Cod.
808 4572 853 4625 uel
866 4587 974 4626 carnem
990 4572 994 4641 Ι
1011 4574 1047 4629 11
1068 4573 1132 4629 Cod.
1150 4574 1290 4630 creauerit
1320 4575 1443 4646 Casperi:
1463 4591 1535 4630 cren-

229 4654 315 4707 uerat.
345 4651 382 4706 Er
399 4651 485 4723 fregt:
505 4651 670 4707 creauiseet‘?
688 4683 721 4694 -
734 4653 765 4708 B.

285 4737 453 4784 Adamantius.
1297 4745 1328 4800 10
