3744 5524
215 449 326 521 Caspari
344 451 370 504 ΙΙ
388 467 410 505 c.
427 451 452 506 6.
471 454 493 505 7.
812 449 920 521 Dialog.
996 459 999 468 ¹
1481 458 1517 518 71

216 618 305 683 fieret
329 619 431 684 bonus
458 622 554 684 deus?
586 617 655 686 Nos
680 619 772 684 illum
793 619 925 684 dicimus
951 621 1070 684 bonum
1091 639 1158 684 esse
1184 617 1239 702 qui
1260 618 1412 683 interimit
1432 617 1522 682 mala.

217 719 283 782 Aut
308 741 372 783 non
397 718 523 784 uidetur
547 718 647 784 multo
675 741 742 784 esse
767 718 879 786 melior
899 720 926 784 is
953 717 1008 803 qui
1029 741 1092 784 non
1114 718 1184 784 uult
1206 740 1271 783 esse
1291 717 1385 797 mala,
1409 739 1445 782 eo
1468 718 1523 800 qui

216 819 395 882 conseruari
417 841 453 883 ea
475 822 506 884 et
526 840 707 902 permanere
729 818 824 884 facit?

298 924 372 998 May.
390 923 430 984 d:
456 918 558 984 Malos
583 917 726 986 homines
753 921 829 984 deus
855 920 956 984 bonus
978 917 1127 984 liberauit
1147 939 1166 980 a
1186 915 1269 982 malo
1292 922 1323 982 et
1343 917 1524 982 immutanit

183 1032 271 1084 ceos
292 1038 348 1100 per
365 1017 467 1096 fidem,
489 1023 525 1082 ut
546 1021 707 1084 credentes
729 1018 757 1082 ei
779 1018 890 1083 fierent
911 1019 995 1084 boni.

300 1239 324 1282 c.
339 1218 423 1287 vll.
453 1223 507 1283 Aa.
522 1223 561 1282 d:
582 1217 737 1294 Quoniam
751 1218 858 1284 dixisti
873 1223 959 1303 quod
972 1219 1154 1285 liberauerit
1172 1222 1274 1286 bonus
1290 1220 1366 1282 deus
1380 1217 1522 1282 homines

218 1321 248 1381 st
262 1316 487 1400 permutauerit
506 1339 559 1383 eos
581 1320 621 1380 ad
642 1318 770 1396 bonurn,
793 1319 844 1385 dic
866 1338 939 1403 ergo
963 1320 1039 1403 quid
1060 1319 1149 1384 uenit
1170 1319 1292 1385 saluere
1313 1319 1415 1382 bonus
1438 1320 1522 1394 deus,

217 1416 353 1480 animam
375 1419 406 1480 et
427 1438 541 1500 corpus
563 1421 618 1482 aut
639 1416 738 1482 solam
760 1418 915 1483 animam?

299 1521 372 1597 May.
394 1521 433 1581 d:
461 1514 568 1581 Solam
590 1515 733 1581 annnam.

166 1623 199 1676 10
300 1621 354 1680 Ad.
376 1621 415 1680 d:
441 1615 557 1680 Anima
577 1615 653 1680 boni
674 1621 721 1681 est
742 1617 792 1680 dei
813 1639 853 1680 an
875 1617 1043 1684 creatoris?

249 1781 253 1792 ,
297 1720 371 1795 neq.
393 1721 433 1780 d:
461 1713 804 1781 Creatorisinsufflatio
819 1716 997 1794 estcnima3
1016 1722 1143 1796 etcum
1166 1739 1234 1782 eam
1256 1716 1389 1796 fecisset,
1411 1716 1522 1780 uidens

217 1836 286 1878 earn
306 1815 550 1894 inobedientem,
577 1814 692 1880 abiecit
714 1837 790 1881 eam.
833 1816 933 1893 Quam
954 1816 1065 1896 malus,
1087 1837 1158 1882 oum
1178 1817 1310 1883 uidisset
1331 1838 1399 1880 carn
1421 1816 1522 1880 abiec-

216 1918 289 1993 tam,
311 1915 441 1979 adduxit
462 1935 530 1978 eam
550 1917 590 1978 ad
611 1919 710 1980 semet
728 1916 841 1998 ipsum,
862 1916 963 1982 bonus
983 1937 1067 1995 uero,
1089 1918 1263 1997 miseratus,
1285 1915 1433 1981 liberauit
1454 1936 1522 1979 eam

217 2011 348 2078 amalo.

166 2119 199 2172 15
300 2119 354 2179 Ad.
376 2118 415 2179 d:
442 2113 552 2180 Bonus
579 2117 656 2180 deus
683 2136 753 2180 curn
780 2114 944 2180 liberasset
969 2114 1104 2180 animam
1126 2137 1145 2178 a
1170 2113 1267 2194 malo,
1293 2113 1428 2179 reddidit
1454 2135 1521 2178 cem

217 2213 350 2280 creatori
371 2235 437 2293 suo,
459 2218 514 2278 aut
534 2215 664 2280 retinuit
684 2217 768 2298 apud
789 2219 888 2280 semet
908 2214 1031 2298 ipsum?

299 2312 384 2396 (Moy.
406 2318 442 2378 d:
469 2310 612 2378 Retinnit
633 2315 717 2397 apud
739 2319 837 2380 semet
857 2314 1004 2396 ipsum*.)

299 2417 386 2476 Eun.
407 2417 443 2477 d:
470 2411 496 2478 Ο
519 2432 633 2497 magna
653 2413 791 2480 bonitus!
823 2412 919 2479 immo
940 2432 1055 2498 magna
1075 2412 1233 2496 impietas!
1268 2411 1356 2478 Tulit
1377 2436 1453 2492 enm,
1475 2415 1521 2478 in·

217 2511 294 2594 quit,
315 2516 351 2574 nt
366 2511 526 2576 fraudaret
541 2517 719 2594 creatorem,
739 2513 882 2578 auferens
898 2513 926 2576 ei
942 2515 1027 2596 quod
1043 2513 1109 2578 eius
1125 2534 1191 2576 esse
1206 2512 1367 2596 proprium
1382 2519 1520 2579 nouerat.

166 2613 199 2666 20
300 2613 354 2674 Ad.
376 2615 414 2675 d:
443 2609 595 2676 Ostendat
620 2617 724 2678 tamen
751 2615 909 2696 quomodo
932 2611 1065 2694 proiecit
1086 2617 1117 2676 et
1142 2612 1363 2677 condemnauit
1386 2613 1520 2678 animam

216 2713 337 2774 creator
358 2711 442 2775 deus.

298 2815 371 2890 May.
394 2815 432 2875 d:
459 2809 591 2887 Quando
618 2811 823 2877 manducauit
849 2814 886 2875 de
907 2810 1009 2895 ligno,
1036 2814 1074 2876 de
1096 2831 1159 2895 qno
1181 2815 1382 2894 praeceperat
1401 2816 1438 2876 ut
1459 2833 1522 2877 non

216 2911 427 2990 manducaret,
447 2915 524 2976 tuno
545 2912 752 2976 condemnata
774 2914 822 2974 est
843 2915 874 2974 et
894 2911 1041 2993 proiecta
1426 2935 1429 2940 ·

301 3015 355 3074 Aa.
377 3015 416 3076 d:
437 3008 521 3095 Lege
543 3005 701 3093 quomodo
724 3009 946 3074 condemnauit
967 3009 1131 3076 animem„

168 3107 201 3160 25
300 3115 372 3190 May.
394 3115 434 3175 a:
460 3108 544 3192 Lege
564 3131 601 3174 ea
622 3131 702 3192 quae
724 3109 757 3173 in
780 3107 893 3174 Genesi
915 3109 1032 3192 scripta
1053 3115 1133 3175 sunt.

302 3215 355 3274 nu
378 3215 417 3274 ct:
448 3209 533 3293 Lego
565 3208 713 3274 creatoris
748 3209 946 3286 sententiam,
978 3214 1009 3274 et
1039 3212 1221 3275 ostendetur
1255 3209 1332 3292 quid
1362 3214 1408 3274 est
1438 3213 1523 3292 quod

221 3310 462 3374 condemnatum
477 3312 531 3387 est,
551 3308 654 3372 anima
669 3313 724 3373 aut
738 3330 860 3392 corpus.
896 3307 945 3374 Its
959 3309 1042 3373 enim
1056 3309 1208 3392 scriptum
1228 3315 1287 3374 est:
1313 3314 1391 3384 Quin
1412 3313 1525 3374 audisti

219 3431 321 3472 uocem
339 3413 562 3473 maturatione
583 3419 609 3474 ct
628 3413 817 3474 msanduaasu
837 3413 871 3473 dc
892 3413 981 3490 liquo,
1006 3414 1040 3473 dc
1061 3432 1119 3490 quo
1134 3431 1340 3491 pomparum
1361 3413 1414 3473 tibi
1433 3433 1470 3474 aa
1491 3415 1524 3474 dc

219 3530 251 3571 co
277 3513 339 3572 solo
365 3513 573 3587 manducares,
601 3507 650 3591 <dn
671 3507 718 3592 co>
740 3513 939 3583 amaducusti,
966 3513 1119 3574 maledictu
1146 3513 1432 3590 mutinensibus
1454 3514 1524 3582 tuis,

305 3855 420 3926 4Me9.]
446 3856 511 3911 Cod.
534 3856 590 3910 und
613 3855 745 3926 Casperi's
768 3859 865 3928 Ausge.
888 3857 1003 3914 Marcus.
1039 3856 1065 3914 S.
1079 3857 1181 3926 jcdoch
1203 3857 1293 3912 meins
1314 3859 1393 3910 Anni.
1412 3875 1446 3912 ru
1462 3856 1525 3911 deni

220 3959 258 4011 gr.
277 3942 307 3998 Τ.
326 3942 398 3997 -Β
422 3942 426 4008 Ι
453 3943 466 3998 7
492 3940 556 3995 Cod.
579 3941 773 4010 permutauit!
796 3943 814 3997 9
836 3943 901 3999 Cod.
919 3940 1084 4011 Megethius.
1119 3941 1156 3995 Εε
1179 3941 1296 4009 soheint,
1324 3941 1364 3995 als
1386 3941 1458 3996 habe
1478 3941 1526 3996 der

221 4025 364 4080 Schneiber
380 4028 436 4082 srst
459 4026 595 4080 »blancus«
616 4028 709 4082 sstnsn
725 4026 839 4094 wellen,
863 4026 937 4080 dnnn
959 4025 1036 4092 aber,
1058 4025 1193 4080 nacbdem
1211 4043 1240 4080 er
1263 4026 1348 4080 sehon
1366 4025 1410 4080 die
1427 4025 1526 4080 beiden

221 4113 311 4166 ersten
329 4110 504 4165 Bncbstaben
523 4109 610 4164 dieses
626 4109 746 4166 Namens
764 4109 949 4182 geschrieben
967 4109 1095 4164 bomerkt
1112 4111 1175 4164 dass
1193 4109 1266 4165 scine
1279 4109 1399 4180 Vorlage
1419 4111 1525 4179 »Mege-

222 4194 310 4249 thius«
335 4195 419 4262 habe,
446 4195 503 4248 und
526 4195 622 4250 darum
645 4213 678 4248 au
698 4195 846 4252 denselbon
870 4194 1010 4265 »gethius«
1029 4193 1221 4266 hinzugsfdgt,
1244 4195 1316 4250 ohne
1337 4193 1386 4247 das
1406 4211 1452 4247 »a«
1472 4211 1526 4249 von

224 4279 300 4334 »Ma«
320 4279 349 4333 in
369 4296 413 4334 »e«
435 4298 468 4334 zu
485 4279 636 4334 verendern
652 4281 655 4348 Ι
672 4280 708 4335 ll
729 4279 794 4335 God.
807 4279 951 4336 Crantoris.
970 4279 1072 4334 Insnffl.
1086 4283 1129 4334 cet
1144 4282 1148 4348 Ι
1166 4281 1202 4336 12
1221 4279 1287 4336 eod.
1300 4277 1404 4344 abicit!
1421 4278 1458 4334 18
1476 4278 1527 4332 Die

222 4363 318 4418 Worts
336 4363 404 4418 Ο-
416 4364 499 4420 immo
521 4364 560 4417 im
577 4362 642 4418 cod.
662 4364 712 4419 mit
736 4382 849 4436 grosssn
871 4363 1045 4419 Bnchstaben
1064 4366 1069 4431 1
1089 4363 1158 4434 eam]
1178 4363 1243 4419 Cod.
1262 4381 1295 4418 sa
1313 4365 1317 4431 1
1337 4362 1435 4431 inquit]
1461 4361 1526 4417 Cod.

221 4447 250 4502 in
268 4448 313 4517 qd.
332 4449 383 4503 mit
403 4449 442 4504 »i«
462 4448 530 4503 nbsr
549 4449 616 4518 »qd«
638 4448 642 4516 Ι
662 4449 701 4504 20
719 4449 784 4504 God.
803 4448 931 4506 ostendit
963 4449 1007 4506 Gr.
1026 4445 1226 4521 παρασχέσθω,
1257 4446 1413 4503 ostendito?
1431 4447 1499 4501 -B
1522 4447 1525 4513 Ι

221 4531 262 4588 26
284 4532 349 4587 Cod.
369 4533 529 4589 ostenditur.
565 4533 610 4589 Gr.
629 4535 808 4603 δειχθήσεται
833 4535 837 4601 Ι
862 4534 899 4589 29
921 4533 955 4588 de
976 4550 1008 4588 eo
1032 4531 1132 4601 mand]
1152 4531 1207 4587 Der
1224 4531 1291 4588 Cod.
1309 4531 1384 4586 bloss
1403 4530 1524 4585 »munds

223 4615 267 4670 Gr.
287 4609 331 4672 ἀπ’
354 4614 442 4672 αὐτοῦ
459 4611 571 4688 ἔφαγες.
