3744 5528
370 474 429 539 158
925 464 1114 520 Adamantius.
1255 467 1295 522 De
1313 467 1342 522 la
1359 466 1416 522 Rue
1433 467 1472 522 IV
1488 469 1672 526 8450—8460.

369 637 443 702 τῶν
457 637 574 702 κακῶν
590 633 695 702 εἰπεῖν
710 625 846 719 ἀνάγκη,
871 623 926 702 ότι
942 627 1125 720 δυνάμενος
1146 637 1284 722 ποιησαι
1305 629 1350 720 μὴ
1373 630 1458 702 εέναι
1480 630 1555 721 <τά>
1576 629 1673 718 κακά,

369 731 600 820 συνεχώρησεν
627 726 714 802 αῦτά
740 735 850 819 μένειν
877 727 925 814 ῶς
951 722 1007 819 ἦν,
1037 737 1093 803 καὶ
1119 728 1263 821 μάλιστα
1290 724 1348 802 ότε
1375 736 1586 820 δημιουργεῖν
1608 732 1675 822 τὴν

300 841 351 897 846
369 823 453 920 ῦλην
475 825 610 919 ἤρξατο.
647 832 674 899 εἰ
693 829 756 919 γάρ
774 826 933 918 μηδόλως
952 832 1067 919 ἔμελεν
1086 836 1090 920 Ι
1110 827 1203 920 αὐτῷ
1227 837 1288 920 τῆς
1306 825 1398 921 ῦλης,
1422 826 1483 902 οῦκ
1502 829 1546 901 ἀν
1565 835 1674 915 αἴτιος

369 921 411 1019 ἦν
433 936 462 1001 εί
483 929 663 1018 συνεχώρει
684 935 805 1018 μένειν.

334 1045 351 1098 5
450 1024 580 1118 Ἐπειδὴ
609 1033 645 1100 δὲ
670 1034 772 1118 μέρος
800 1025 904 1119 αὐτῆς
930 1023 1044 1113 οῦτως
1070 1035 1134 1115 εία,
1163 1027 1349 1118 δυνάμενος
1374 1024 1509 1104 κάκεῖνο
1537 1036 1676 1118 τρέπειν

369 1133 415 1210 είς
436 1127 477 1199 τό
499 1148 667 1218 κρεῖττον,
692 1125 801 1211 αίτιός
822 1133 894 1200 ἐστι
909 1136 983 1200 τῶν
1004 1136 1132 1214 κακῶν,
1153 1130 1356 1201 καταλιπῶν
1374 1133 1475 1218 μέρος
1489 1121 1572 1219 ῦλης
1586 1129 1673 1201 είναι

368 1225 522 1317 πονηρὸν
556 1226 608 1299 ἐπ’
645 1223 780 1316 όλέθρφ
818 1219 857 1298 οῦ
893 1226 1132 1317 ἐδημιούργησε
1160 1235 1288 1318 μέρους.
1332 1225 1418 1300 ἀλλὰ
1447 1227 1514 1319 μὴν
1543 1235 1599 1300 καὶ
1630 1228 1674 1300 τά

367 1332 505 1416 μέγιστα
526 1326 615 1398 κατά
632 1333 744 1398 τοῦτο
768 1327 809 1400 τό
831 1334 931 1417 μέρος
954 1323 1133 1418 ἠδικῆσθαί
1152 1356 1211 1418 μοι
1232 1334 1324 1400 δοκεῖ
1344 1333 1448 1398 τοῦτο
1472 1321 1557 1417 όπερ
1577 1357 1675 1401 κατε-

368 1425 504 1498 σκεύασε
528 1433 588 1518 τῆς
609 1420 691 1516 όλης
719 1433 832 1516 μέρος,
861 1424 1195 1518 ἀντιλαμβανόμενον
1218 1436 1292 1500 τῶν
1316 1434 1442 1498 κακῶν.
1486 1433 1514 1498 εί
1537 1425 1599 1516 γάρ
1622 1458 1676 1510 τις

318 1537 351 1592 10
368 1521 517 1612 ἐξετάζοι
538 1521 589 1598 ἐπ’
614 1523 745 1613 ἀκριβὲς
760 1525 803 1597 τὰ
817 1522 1008 1616 πράγματα,
1030 1528 1273 1616 χαλεπώτερον
1287 1523 1418 1616 εόρήσει
1433 1533 1496 1598 νῦν
1511 1527 1575 1618 τὴν
1588 1521 1676 1618 ῦλην

367 1635 583 1696 πεπονθυῖαν
604 1632 665 1716 τῆς
683 1631 851 1714 προτέρας
866 1623 1034 1717 ἀκοσμίας.
1069 1633 1151 1715 πρὶν
1173 1626 1236 1717 γάρ
1256 1623 1364 1716 αὐτὴν
1387 1632 1609 1716 διακριθῆναι,
1633 1625 1675 1696 τὸ

367 1729 449 1814 μηδὲ
471 1729 650 1795 αἰσθέσθαι
672 1732 746 1796 τῶν
767 1733 885 1796 κακῶν
906 1732 1020 1815 παρῆν
1041 1723 1136 1816 αὐτῇ,
1161 1733 1222 1798 νῦν
1241 1728 1443 1799 δέδέκαστον
1465 1732 1538 1796 τῶν
1559 1733 1676 1814 μερῶν

332 1820 473 1912 εαῦτῆς
501 1829 658 1914 α’ίσθησιν
687 1823 845 1914 λαμβάνει
871 1832 945 1898 τῶν
972 1833 1102 1910 κακῶν,
1129 1833 1184 1897 καὶ
1207 1821 1304 1898 τοῦθ’
1328 1819 1412 1914 όπερ
1434 1821 1486 1897 ἐπ’
1509 1821 1676 1917 εῦεργεσίςι

370 1929 431 2013 τῆς
452 1917 533 2012 ῦλης
554 1921 641 2012 πρός
662 1930 726 1995 τοῦ
750 1931 834 1995 θεοῦ
856 1932 1027 2014 γεγονέναι
1049 1931 1163 2014 λέγεις,
1186 1921 1372 2014 εῦρίσκεται
1393 1931 1524 2014 μᾶλλον
1545 1927 1601 1996 ἐπὶ
1622 1931 1675 2014 τῷ

320 2039 351 2092 15
369 2029 494 2110 χείρονι
508 2019 779 2111 προσγενόμενον
794 2020 890 2112 αὐτῇ.
913 2027 940 2095 εί
955 2021 983 2095 δ’
999 2029 1036 2096 ἐκ
1046 2025 1162 2114 τοῦμὴ
1178 2023 1344 2096 δύνασθαι
1358 2022 1516 2096 τὸνθεόν
1526 2019 1677 2112 ἀναιρεῖν

371 2120 414 2193 τά
427 2121 514 2192 κακά
529 2121 571 2194 τό
585 2121 630 2212 μὴ
646 2129 843 2194 πεπαῦσθαι
857 2129 972 2213 λέγεις,
994 2120 1165 2197 ἀδύνατον
1180 2122 1243 2196 τόν
1258 2122 1343 2195 θεὸν
1357 2123 1424 2214 φὴς
1437 2120 1610 2212 ὑπάρχειν·
1632 2123 1676 2194 τό

370 2226 406 2292 δε
427 2218 597 2293 ἀδύνατον
618 2217 697 2310 ἤτοι
719 2229 763 2310 τῇ
782 2221 879 2310 φύσει
894 2219 1044 2306 ἀσθενές,
1067 2219 1088 2312 ἢ
1110 2231 1162 2315 τῷ
1186 2230 1344 2312 νικᾶσθαι
1366 2231 1418 2315 τῷ
1441 2219 1539 2312 φόβῳ
1563 2228 1677 2294 δεδου-

369 2327 527 2408 λωμένον
551 2316 637 2408 πρός
667 2348 761 2404 τινος
788 2329 993 2410 κρείττονος.
1036 2322 1152 2405 ἄλλως
1179 2329 1214 2394 δέ
1239 2329 1294 2394 καί
1320 2331 1457 2413 μείζονα
1482 2328 1585 2408 λέξεις
1611 2327 1677 2393 τοῦ

370 2427 454 2492 θεοῦ
466 2420 508 2492 τά
517 2417 613 2504 κακά,
629 2428 781 2492 νικῶντα
797 2426 858 2511 τῆς
872 2427 1098 2510 προαιρέσεως
1112 2419 1219 2493 αὐτοῦ
1234 2422 1298 2512 τὴν
1313 2420 1430 2512 ὁρμήν,
1447 2415 1530 2510 ὅπερ
1540 2421 1677 2493 ἄτοπον

318 2541 352 2596 20
369 2522 454 2592 είναί
483 2549 542 2610 μοι
573 2527 680 2609 λέγειν
709 2527 785 2609 περὶ
817 2526 900 2592 θεοῦ
931 2525 1030 2592 δοκεῖ.
1074 2519 1127 2592 διὰ
1154 2529 1189 2593 τί
1219 2522 1281 2611 γὰρ
1313 2519 1387 2610 οῦχὶ
1416 2528 1546 2611 μᾶλλον
1578 2518 1675 2592 ταῦτ’

337 2623 504 2691 εέσσνται
526 2625 602 2691 θεοὶ
624 2620 712 2691 κατὰ
735 2620 798 2693 τόν
816 2617 1043 2692 Οὐαλεντίνου
1057 2617 1170 2711 λόγον,
1192 2628 1291 2693 νικᾶν
1305 2619 1473 2711 δυνάμενα
1493 2620 1557 2693 τόν
1571 2616 1674 2704 θεόν,·

369 2723 461 2808 είπερ
483 2718 568 2792 θεόν
590 2715 721 2791 ἐκεῖνόν
744 2747 855 2808 φαμεν
879 2713 918 2802 ός
939 2719 1003 2809 τὴν
1025 2716 1191 2792 ἀπάντων
1213 2726 1368 2806 ἐξουσίαν
1389 2722 1462 2810 ἔχει.

452 2825 512 2888 ΔΡ.
547 2815 811 2909 Ἀσφαλέστερον
834 2814 962 2907 όφείλει
984 2825 1173 2909 ζητηθῆναι
1193 2818 1306 2893 πόθεν
1329 2820 1372 2892 τά
1392 2817 1487 2892 κακά.
1526 2819 1586 2891 ἐὰν
1608 2819 1674 2910 γὰρ

370 2921 517 3007 εἴπωμεν
538 2913 622 3009 ῦλην
643 2939 788 2990 συνεῖναι
815 2925 866 3009 τῷ
889 2926 976 3010 θεῷ,
1003 2919 1115 2990 πολλὰ
1138 2918 1250 2990 ἄτοπα
1277 2917 1572 3009 παρακολουθήσει
1597 2937 1673 3002 ταῖς

318 3023 351 3084 25
368 3013 550 3139 ἀληθείαις.
586 3024 614 3089 εἰ
635 3011 697 3088 οῦν
711 3017 796 3108 μήτε
818 3023 853 3106 ἐξ
873 3013 966 3108 ῦλης,
987 3017 1071 3109 μήτε
1093 3023 1130 3089 ἐκ
1145 3025 1238 3106 θεοῦ,
1260 3016 1371 3092 πόθεν
1386 3017 1429 3090 τά
1450 3018 1537 3090 κακὰ
1559 3029 1673 3108 ζητεῖν

368 3145 505 3206 αναγκη.

450 3223 517 3286 ΑΔ.
556 3215 601 3288 Τά
622 3215 709 3288 κακὰ
731 3214 808 3290 οῦδὲ
822 3217 910 3289 κατὰ
926 3218 1037 3305 φῦσιν,
1060 3214 1137 3290 οῦδέ
1154 3213 1229 3290 κατ’
1246 3213 1373 3302 οῦσίαν,
1396 3214 1474 3290 οῦδέ
1487 3214 1567 3287 καθ’
1589 3213 1672 3288 ῦπό-

368 3323 486 3388 στασίν
507 3320 609 3402 ἐστιν,
632 3313 720 3388 ἀλλὰ
743 3313 862 3407 τρόπῳ
879 3325 1032 3407 γίνονται
1053 3316 1096 3389 τά
1117 3317 1205 3389 κακά
1227 3323 1263 3388 ἐκ
1278 3323 1339 3408 τῆς
1360 3313 1672 3405 αῦτεξουσιότητος.

453 3456 468 3511 1
488 3461 545 3510 τῶν
566 3456 673 3525 κακῶν]
687 3453 806 3523 ὴτούτοιν
828 3457 913 3510 Meth.
937 3456 941 3522 Ι
965 3454 1000 3511 τὰ
1018 3455 1046 3520 F,
1069 3465 1102 3514 <
1121 3454 1147 3510 d.
1164 3454 1223 3509 θῦε.
1241 3473 1267 3510 u.
1285 3456 1371 3510 Meth.
1394 3457 1398 3523 Ι
1421 3455 1439 3510 4
1461 3453 1489 3511 εί
1509 3455 1610 3526 συνεχΙ
1629 3445 1672 3510 ὧν

368 3557 458 3610 σονεχ.
477 3539 570 3606 Μείίε,
589 3533 629 3605 ῶς
647 3555 738 3610 σννεχ.
757 3541 792 3595 Βι
816 3541 820 3608 Ι
844 3540 862 3595 5
881 3536 973 3609 ἐπειδὴ
986 3538 1125 3610 -αίπῆςΙ
1148 3536 1210 3596 ἐπεί
1231 3540 1261 3596 δὲ
1282 3539 1369 3612 μέρος
1390 3538 1443 3608 μέν
1461 3558 1487 3595 τι
1509 3538 1595 3608 αὐτῆς
1612 3535 1671 3608 έδη·

366 3624 508 3698 μιοῦργει,
531 3623 619 3696 μέρος
636 3623 665 3680 δέ
682 3643 709 3680 τι
728 3622 814 3692 αὐτῆς
830 3625 917 3680 Moth.
941 3626 946 3693 Ι
969 3626 989 3681 θ
1008 3621 1142 3691 αἴτιος-
1154 3625 1261 3694 κακῶν]
1283 3623 1375 3681 αἰτίαν
1394 3622 1575 3694 ὀφλισκάνειν
1592 3620 1672 3690 ἄξιος

367 3703 442 3764 εἷναί
458 3729 510 3778 μοι
526 3712 607 3765 δοκεῖ
621 3710 706 3766 Meth.
730 3711 734 3778 Ι
757 3704 831 3765 εἶναι
848 3719 881 3769 <
899 3709 921 3762 F
944 3710 947 3776 Ι
971 3710 988 3765 θ
1004 3717 1091 3766 τανῦν
1109 3716 1166 3766 τῶν
1183 3716 1280 3766 κακῶν
1298 3710 1383 3765 Μείίε.
1407 3712 1411 3778 Ι
1436 3711 1476 3766 10
1493 3717 1543 3764 νῦν
1561 3705 1671 3780 εὑρήσει

367 3793 452 3848 Meth.
476 3797 480 3864 Ι
506 3794 544 3850 18
563 3793 701 3849 Zwischon
724 3800 782 3849 τῶν
804 3799 902 3850 κακῶν
920 3812 946 3848 u.
965 3795 1014 3848 καὶ
1031 3789 1113 3850 τοῦθ’
1129 3796 1179 3850 hab
1196 3796 1294 3850 Motha
1316 3795 1365 3850 καί
1382 3814 1432 3864 μοι
1452 3790 1496 3850 ἐπ’
1513 3791 1672 3864 ἀνθρώπου

368 3867 400 3933 ’τό
426 3877 606 3952 παράδειγμα
628 3878 705 3952 λαβέ.
742 3881 809 3952 πρὶν
831 3876 887 3950 γὰρ
908 3876 1057 3949 είκανισθῇ
1077 3881 1126 3935 καὶ
1149 3883 1224 3948 ζῶον
1245 3877 1359 3950 γένηται
1380 3885 1414 3949 τῇ
1430 3886 1482 3934 τοῦ
1499 3880 1672 3949 δημιουργοῦ

368 3962 458 4033 τέχνη,
476 3962 509 4018 τό
527 3962 648 4033 μηδενός
665 3961 928 4036 ἀντιλαμβάνεσθαι
945 3969 1002 4018 τῶν
1019 3971 1116 4020 κακῶν
1133 3963 1212 4038 παρὰ
1225 3971 1273 4034 τῆς
1290 3963 1400 4032 φίσεινς
1417 3957 1503 4033 εἶχεν·
1522 3957 1573 4031 ἀφ’
1591 3953 1624 4017 οὗ
1641 3962 1671 4018 δε

368 4046 440 4121 πρὸς
462 4055 513 4103 τοῦ
534 4052 606 4104 θεοῦ
628 4044 784 4120 ἄνθρωπος
805 4049 925 4118 γίνεται,
952 4051 1001 4103 καί
1022 4052 1072 4117 τὴν
1095 4045 1227 4120 αἴσθησιν
1248 4056 1298 4104 τοῦ
1315 4046 1564 4119 προσπελάζοντες
1581 4053 1672 4102 κακοῦ

368 4130 564 4204 προλαμβάνει
579 4134 583 4201 Ι
600 4134 637 4190 15
655 4131 887 4204 προσγενόμενον
904 4134 997 4201 Motu,
1015 4135 1243 4207 προσγινόμενον
1261 4133 1286 4186 d.
1299 4133 1369 4188 Hss.
1385 4133 1390 4200 Ι
1405 4129 1542 4204 ἀναιρεῖν]
1560 4127 1671 4185 ἀνελεῖν

368 4216 487 4272 Emeth.
504 4219 507 4285 Ι
525 4217 562 4273 16
580 4216 613 4273 τό
631 4219 670 4286 μη
689 4221 853 4274 πεπαῦσθαι
870 4218 955 4273 Meth.
974 4228 1007 4278 <
1020 4219 1045 4273 d.
1057 4219 1128 4273 HSS.
1159 4217 1249 4273 Sohon
1266 4235 1322 4271 von
1339 4217 1365 4270 d.
1378 4215 1396 4268 l.
1408 4216 1440 4272 R.
1453 4233 1501 4272 ααε
1519 4215 1567 4270 der
1578 4213 1669 4268 Philo·

368 4301 441 4356 calia
456 4302 486 4355 in
504 4302 558 4356 den
575 4303 645 4358 Text
662 4303 874 4372 ausgenommen
898 4304 901 4370 Ι
927 4303 989 4372 φης]
1009 4305 1106 4373 φήσεις
1124 4304 1208 4357 Meth.
1232 4305 1236 4368 Ι
1262 4303 1298 4358 17
1319 4299 1379 4370 ίΙιοι
1401 4306 1441 4374 τῷ
1464 4299 1545 4371 φύσει
1563 4295 1671 4366 ἀσθενῆ

367 4382 503 4459 ὑπάρχειν
522 4386 609 4443 αέτδν
627 4381 705 4444 ἔσται
722 4385 740 4456 ἢ
757 4393 797 4460 τῷ
816 4390 950 4442 νικᾶσθαι
962 4387 1048 4442 Meth.
1063 4391 1068 4456 Ι
1084 4389 1123 4444 18
1141 4381 1232 4451 ἀλλοις
1244 4385 1273 4440 δέ
1284 4385 1343 4454 καί]
1362 4381 1389 4440 εί
1404 4385 1457 4453 μέν
1476 4377 1526 4440 οῦν
1538 4382 1588 4440 τόν
1600 4381 1670 4439 θεὸν

368 4470 449 4542 φύσει
461 4469 570 4540 ἀσθενῆ
583 4468 652 4528 δντα
665 4475 814 4542 τολμήσεις
826 4471 923 4536 εἰπεῖν,
938 4474 1003 4545 περί
1015 4478 1064 4540 τῆς
1075 4471 1216 4544 σωτηρίας
1228 4467 1313 4537 αίτῆς
1324 4468 1493 4525 κινδυνεύειν
1505 4489 1555 4539 μοι
1567 4472 1670 4533 δοκεῖς·

368 4555 395 4612 εί
410 4557 439 4612 δὲ
456 4563 497 4629 τῷ
515 4560 650 4612 νικᾶσθαι
668 4556 749 4630 φόβῳ
768 4555 839 4629 πρὸς
856 4563 909 4612 τσῦ
925 4557 1057 4625 μείζονος
1073 4556 1159 4610 Meth.
1179 4556 1183 4622 Ι
1203 4555 1241 4610 22
1260 4551 1352 4610 ἐκεῖνο
1366 4595 1372 4608 .
1386 4594 1392 4608 .
1407 4551 1442 4609 ,ὃ
1460 4554 1544 4609 Meth.
1565 4557 1569 4622 Ι
1590 4553 1628 4610 25
1646 4552 1672 4609 εί

368 4640 420 4714 μέν
438 4633 489 4696 οῦν
506 4642 540 4696 Η.
