3744 5528
217 500 328 570 Guspari
344 501 384 556 IV
401 518 424 555 e.
443 502 535 557 16-V
553 519 576 558 e
594 506 618 560 1.
813 503 923 574 Dialog.
1463 514 1522 576 175

300 676 356 737 ru
377 677 416 736 d:
452 671 535 736 Satis
570 677 653 739 reete
684 678 715 737 et
745 673 904 762 catholice
934 672 1011 738 dicit
1046 673 1241 758 euangelista
1277 673 1352 758 quia
1391 674 1521 738 uerbum

217 769 374 835 habitauit
393 770 426 835 in
447 771 547 852 nobis,
568 773 628 837 hoe
649 777 697 839 est
716 773 750 838 in
771 795 864 839 earne
885 777 1001 840 nostra.

300 876 375 937 Mar.
396 877 436 936 d.:
458 871 521 937 Sed
540 877 672 950 uatum,
692 873 804 957 inquit,
825 896 893 938 raro
913 878 1029 954 saelum
1049 883 1098 938 est.

300 971 371 1053 (Ad.
392 969 448 1054 d.:>
470 971 633 1056 Siquidem
652 973 782 1038 dixisset
803 973 878 1057 quia
895 974 1027 1039 uerbum
1050 994 1121 1038 earo
1137 977 1211 1053 erat,
1232 971 1384 1038 uidereris
1403 973 1523 1057 aliquid

183 1069 334 1149 adicere,
360 1075 446 1153 quod
472 1076 577 1137 autem
603 1072 695 1139 dixit:
729 1077 805 1138 Caro
824 1077 940 1153 saelum
967 1083 1011 1136 eet
1035 1071 1200 1137 manifeste
1226 1073 1364 1138 ostendit
1391 1075 1466 1157 quia
1491 1075 1525 1138 id

218 1170 303 1252 quod
333 1175 507 1236 assumtum
539 1177 586 1237 est
615 1173 734 1239 fautum
765 1177 820 1239 est
860 1171 936 1238 Non
971 1172 1053 1237 enim
1088 1172 1151 1237 hoe
1184 1174 1269 1256 quod
1303 1176 1370 1237 erat
1404 1173 1524 1239 fautum

218 1268 344 1349 dicitnr,
375 1272 431 1335 sed
455 1271 489 1335 id
519 1275 606 1357 quod
627 1294 692 1339 non
718 1277 785 1337 erat
813 1272 1010 1336 factumest.
1046 1269 1126 1337 Caro
1157 1291 1231 1356 ergo
1261 1271 1345 1336 faeta
1367 1276 1422 1353 est,
1453 1295 1524 1338 aum

216 1369 279 1432 iam
302 1372 384 1435 esset
403 1370 549 1453 uerbum,
578 1372 654 1455 quia
678 1372 712 1436 id
737 1375 824 1456 quod
844 1371 963 1436 factum
990 1375 1038 1436 est
1062 1371 1218 1454 posterius
1245 1375 1350 1437 esteo
1373 1373 1523 1456 quierat.

298 1475 374 1535 Mar.
388 1475 427 1534 d:
448 1469 558 1553 Ipsum
578 1473 711 1537 uerbum
730 1494 856 1538 earnem
878 1471 998 1537 fautum
1019 1471 1107 1548 dieit;
1129 1493 1192 1536 non
1211 1470 1289 1535 dieit
1310 1471 1385 1554 quia
1404 1471 1524 1556 aliquid

167 1572 201 1626 10
221 1567 412 1650 extrinsecus
434 1575 631 1636 assumserat

299 1673 354 1732 Ad.
375 1672 414 1732 d.:
435 1667 522 1753 Ergo
543 1669 696 1736 mutabile
718 1675 750 1734 et
770 1669 977 1736 conuertibile
998 1671 1076 1736 dieis
1097 1691 1164 1735 esse
1184 1672 1317 1736 uerbum
1338 1670 1409 1736 dei?

300 1773 376 1833 Mar.
397 1773 437 1833 d:
458 1767 658 1836 Immutabile
680 1774 728 1835 est
748 1772 881 1835 uerbum
903 1771 962 1836 dei.

301 1873 385 1932 hlutr.
406 1872 446 1933 d:
476 1868 561 1934 Dum
591 1869 640 1935 uis
670 1873 834 1935 ostendere
864 1871 940 1954 quia
966 1891 1090 1935 earnem
1120 1892 1183 1936 non
1215 1869 1363 1936 assumsit
1391 1871 1524 1934 uerbum

219 1969 250 2030 et
271 1969 345 2030 dum
366 1966 427 2031 hoe
447 1967 576 2052 refugis,
597 1970 757 2035 incurristi
777 1970 1013 2054 blasphemiam

167 2069 201 2122 15
299 2071 373 2131 Mar.
396 2071 436 2131 d.:
457 2065 578 2143 Quam?

299 2169 384 2229 Eut.
405 2170 445 2232 d:
466 2164 548 2243 Quia
568 2168 720 2232 mutabile
735 2172 767 2233 et
788 2168 994 2235 conuertibile
1009 2169 1087 2234 dieis
1102 2189 1170 2234 esse
1183 2167 1317 2233 uerbum
1332 2167 1390 2248 dei,
1406 2169 1523 2252 quippe

218 2263 245 2327 si
273 2264 378 2348 ipsum
411 2266 544 2331 uerbum
573 2266 607 2330 in
640 2289 765 2333 earnem
795 2269 873 2334 dieis
906 2289 973 2334 esse
1002 2271 1167 2334 mutatum.
1210 2267 1244 2332 Si
1271 2269 1355 2333 enim
1384 2270 1524 2332 mutatur

217 2367 330 2430 natura
350 2386 407 2429 sua
427 2365 461 2428 in
482 2365 582 2446 aliud,
604 2366 668 2431 iam
689 2389 753 2432 non
775 2367 835 2432 erit
855 2367 936 2432 illud
958 2371 1044 2451 quod
1064 2369 1139 2446 trit,
1166 2370 1222 2432 sed
1241 2368 1274 2432 id
1296 2369 1382 2451 quod
1403 2367 1523 2432 factum

219 2468 272 2528 est.
314 2463 421 2530 Etiam
442 2465 508 2530 sine
530 2485 625 2531 eausa
645 2467 778 2532 uerbum
798 2467 848 2532 dei
870 2467 949 2533 dieis
971 2489 1038 2532 esse
1060 2467 1228 2548 Christum
1250 2488 1322 2532 eum
1342 2466 1376 2530 in
1398 2488 1522 2531 earnem

166 2567 202 2624 20
218 2567 373 2629 mutatum
395 2564 437 2628 sit
458 2568 490 2629 et
511 2587 582 2630 earo
605 2566 706 2650 magis
729 2567 792 2633 diei
813 2567 933 2634 debeat

301 2683 326 2728 e.
349 2662 468 2732 xvll.
503 2669 557 2729 Ad.
579 2669 618 2729 d.:
649 2664 711 2731 Sed
737 2671 769 2731 et
797 2666 889 2748 illud,
919 2666 1053 2732 uerbum
1083 2668 1188 2732 disens
1219 2687 1344 2730 earnem
1377 2663 1523 2729 effectum

218 2763 447 2845 permutatione
473 2769 504 2829 et
532 2786 597 2830 non
622 2767 822 2846 assumtione,
852 2766 949 2832 dieat:
981 2766 1065 2842 Quid
1091 2770 1138 2831 est
1164 2767 1249 2849 quod
1274 2785 1402 2849 passum
1424 2763 1524 2828 estin

219 2867 330 2928 earne?

301 2968 378 3028 Mar.
392 2967 431 3028 d:
454 2964 628 3029 ΔΟΚΗΣΙ
635 2987 746 3049 passus
762 2970 817 3045 est,
833 2966 868 3030 id
882 2970 930 3030 est
943 2965 1094 3050 putatiue,
1108 2969 1144 3030 ut
1157 2968 1321 3048 putaretur
1337 2961 1404 3046 pati
1423 2962 1524 3046 magis

168 3064 202 3120 25
223 3082 318 3144 quam
339 3065 506 3145 pateretur.

684 3162 817 3234 (Explicit
834 3162 905 3218 liber
922 3163 1053 3232 quartus)

715 3394 845 3480 (Incipit
866 3393 1021 3481 quintus.)

303 3580 326 3624 a.
348 3561 380 3628 Ι.
414 3567 499 3626 dhet.
522 3567 561 3627 d.:
590 3560 663 3628 Hoc
686 3566 734 3627 est
759 3564 844 3646 quod
866 3561 945 3626 dieis
972 3563 1047 3645 quia
1067 3561 1202 3626 fantasia
1228 3563 1382 3645 quaedam
1408 3561 1471 3626 fuit
1494 3565 1525 3625 et

220 3680 284 3724 non
304 3661 428 3725 ueritas.
753 3687 756 3692 ·

170 3757 204 3811 30
302 3765 357 3824 Ad.
372 3765 412 3826 d.:
434 3759 469 3824 si
488 3764 617 3844 putatus
639 3764 687 3825 est
707 3760 773 3845 pati
797 3765 829 3826 et
848 3783 912 3826 non
934 3784 1007 3826 uere
1029 3782 1139 3844 passus
1162 3765 1217 3842 est,
1239 3780 1314 3846 ergo
1336 3765 1368 3826 et
1381 3759 1525 3824 Herodes

220 3859 272 3924 uel
297 3857 419 3925 Pilatus
445 3862 615 3943 putabatur
643 3860 782 3926 iudicare
808 3865 840 3925 et
868 3882 933 3926 non
957 3860 1126 3940 iudicabat,
1157 3864 1188 3925 et
1214 3862 1386 3944 putabatur
1414 3881 1525 3924 manus

221 3981 293 4024 suas
313 3957 419 4024 lauare
441 3964 473 4024 et
493 3981 557 4024 non
578 3958 714 4024 lauabat
749 3959 812 4026 Sed
834 3964 865 4024 et
885 3957 987 4040 Iudas,
1009 3959 1064 4043 qui
1086 3959 1216 4024 tradidit
1237 3959 1407 4038 dominum,
1434 3962 1525 4041 puta·

220 4060 314 4124 batur
334 4061 457 4124 tradere
479 4064 511 4124 et
531 4082 595 4126 non
616 4063 767 4137 tradebat,
790 4064 822 4125 et
836 4059 941 4128 (laifas
962 4061 1140 4142 putabatur,
1162 4063 1194 4124 et
1207 4057 1315 4124 ludaei
1332 4061 1525 4142 putabantur

306 4241 326 4296 4
344 4241 395 4296 Ad.
413 4241 449 4311 d]
468 4239 549 4296 Diese
566 4227 736 4296 llbersehrilt
752 4241 790 4296 ist
806 4240 845 4295 im
862 4241 928 4298 God
946 4239 1126 4312 ausgelallen,
1142 4239 1267 4295 weshalb
1285 4237 1329 4294 die
1347 4238 1414 4310 fulg.
1427 4238 1525 4295 Worte

224 4323 268 4379 »Si
285 4324 397 4394 quidem
406 4325 495 4395 -qui
509 4327 583 4380 erat«
603 4325 644 4380 als
656 4324 755 4380 Worte
766 4326 814 4382 des
825 4327 894 4382 Mar.
906 4325 1066 4381 erseheinen
1081 4327 1085 4394 Ι
1101 4325 1140 4382 10
1158 4321 1334 4380 assumserit?
1350 4325 1354 4385 Ι
1371 4325 1407 4380 17
1427 4323 1463 4388 Si,
1476 4340 1525 4379 vor

224 4407 342 4478 »ipsum«
357 4411 446 4481 casp:
459 4411 515 4479 qui.
529 4441 561 4450 —
572 4411 594 4465 B
609 4411 613 4476 l
630 4411 668 4467 1e
681 4410 746 4466 Cod.
759 4427 841 4466 earne
856 4411 860 4479 Ι
875 4410 913 4466 21
928 4410 1030 4480 dieens]
1045 4410 1109 4464 (lod.
1122 4409 1185 4466 diei.
1202 4407 1362 4464 Vielleieht:
1377 4407 1524 4463 siuerbum

222 4492 291 4547 dieit
305 4495 310 4563 Ι
325 4493 365 4550 24
381 4496 479 4564 δοκησι
496 4493 535 4549 im
553 4493 618 4550 eod.
636 4495 688 4549 mit
706 4494 984 4565 Capitalbuehstaben
999 4495 1003 4562 Ι
1020 4494 1106 4560 aaut
1126 4492 1249 4564 Explicit
1261 4524 1293 4533 —
1306 4493 1418 4564 quintus
1435 4491 1524 4547 bildet

221 4576 261 4630 im
279 4577 343 4635 cod.
362 4579 422 4635 eine
440 4577 512 4634 Zeila
531 4581 535 4648 Ι
553 4580 590 4636 38
608 4579 674 4634 Hier
692 4578 799 4634 seheint
815 4582 913 4646 etwas,
931 4595 988 4632 was
1007 4578 1123 4649 Caiphae
1140 4578 1186 4632 hei
1203 4577 1303 4632 Christi
1320 4577 1435 4634 Passiou
1453 4577 1524 4642 that,

222 4679 245 4718 a.
262 4663 293 4718 B.
312 4663 434 4720 seindere
451 4663 616 4719 uestimenta
634 4681 683 4718 sua
699 4663 749 4719 Mt.
762 4665 807 4720 26:
820 4666 853 4720 65
871 4662 1042 4733 ausgefallen
1059 4681 1093 4718 au
1110 4663 1176 4720 sein.
1206 4663 1279 4734 (Vgl.
1297 4663 1322 4718 d
1335 4679 1375 4734 gr.
1387 4659 1418 4716 T.
1437 4691 1470 4700 —
1482 4661 1523 4730 ΒΙ.
