3744 5524
190 469 191 474 ’
224 457 555 529 Caeparilllo.12.13.
822 457 931 530 Dialog.

307 633 383 692 Mer.
405 633 444 694 ct:
467 626 594 694 Certum
616 628 759 712 estquis
781 652 799 694 a
821 632 887 697 deo.

308 733 396 792 Eut.
419 733 459 792 ct:
480 728 509 792 A
530 729 624 810 bono,
644 751 684 793 an
706 752 725 795 a
746 729 850 797 malo?

307 832 383 892 Mor.
404 833 444 894 d:
465 826 536 912 Ego
557 851 656 894 unum
678 831 772 894 deum
794 827 874 895 coeli
896 828 971 894 noui
993 848 1060 892 esse
1081 828 1207 891 bonum.

305 933 362 993 Ad.
384 932 423 993 d:
446 927 567 993 Malum
589 947 663 1012 orgo
685 928 740 993 nbi
766 929 844 994 dicis
867 951 942 994 esse.

186 1034 204 1088 5
303 1034 381 1094 Mor.
401 1031 443 1092 d:
463 1025 499 1092 ln
521 1033 611 1094 terra.
648 1027 701 1094 Sic
715 1028 800 1094 enirn
814 1027 891 1094 dicit
905 1027 1061 1094 Christus:
1088 1030 1158 1091 Uidi
1172 1029 1319 1092 Solonem
1333 1025 1411 1084 aiem
1424 1023 1529 1100 sulprcr

220 1131 356 1191 mediare
377 1131 412 1191 de
433 1132 516 1192 coelo.

303 1231 359 1292 Ad.
375 1232 417 1292 dr
439 1225 674 1312 consequenter
694 1247 769 1312 ergo
791 1232 822 1294 et
845 1226 978 1293 Satanas
999 1225 1032 1290 in
1052 1228 1137 1291 terra
1157 1221 1279 1307 positus
1297 1220 1475 1288 continetur
1495 1224 1528 1284 et

220 1324 340 1409 regitur
360 1328 400 1391 ab
421 1348 457 1392 ea
477 1327 595 1394 uirtute
616 1350 697 1412 quae
718 1328 801 1413 regit
820 1332 851 1394 et
873 1328 1014 1392 continet
1027 1329 1152 1403 terram,
1174 1327 1205 1390 et
1219 1344 1282 1388 nou
1300 1325 1405 1405 potest
1424 1320 1525 1384 dicere

220 1424 294 1508 quia
315 1426 391 1491 boni
414 1427 464 1492 dei
484 1427 594 1505 uirtus,
625 1450 706 1512 quae
731 1428 814 1513 regit
839 1433 963 1502 terram,
993 1447 1057 1492 non
1083 1422 1178 1490 simul
1205 1443 1277 1487 cum
1305 1443 1341 1486 ea
1366 1419 1526 1485 contineat

168 1527 202 1584 10
219 1523 314 1590 etiarn
335 1531 485 1605 satanam,
507 1532 538 1591 et
559 1527 619 1592 erit
631 1550 730 1593 unum
751 1550 788 1593 ex
809 1527 920 1602 tribus,
941 1531 979 1591 ut
998 1528 1053 1590 aut
1067 1525 1219 1590 concedat
1240 1521 1276 1600 ei,
1298 1524 1439 1584 anteum
1460 1541 1523 1584 non

218 1624 318 1708 possit
340 1625 528 1706 interimere,
547 1632 603 1692 out
623 1625 747 1712 ignoret
768 1626 844 1712 quia
866 1631 920 1692 est.

300 1731 387 1790 Eutr.
401 1731 441 1790 dr
462 1723 533 1791 Hoc
554 1725 753 1793 notissimum
775 1731 830 1792 cst

302 1847 327 1892 c.
347 1827 460 1895 XIII.
495 1830 550 1893 Aa
572 1831 613 1892 ct:
641 1824 760 1891 Uerum
782 1826 932 1910 quoniam
958 1824 1149 1891 mentionem
1170 1821 1246 1888 fecit
1267 1817 1424 1904 euangelii
1445 1840 1522 1902 quo·

216 1928 311 1990 modo
339 1925 470 1992 Satanas
497 1929 535 1990 de
566 1923 654 1992 coelo
681 1927 836 2006 ceciderit,
865 1925 984 1990 iustum
1008 1923 1087 1988 mihi
1116 1921 1243 1986 uidetur
1269 1919 1364 1984 etiam
1393 1921 1432 1983 de
1461 1918 1522 1982 hoc

166 2023 199 2078 15
216 2045 318 2107 pauca
338 2024 501 2104 discutere,
522 2029 559 2090 ut
580 2047 616 2093 eo
638 2025 739 2110 magis
760 2025 877 2091 ueritas
892 2024 993 2090 diuini
1015 2023 1172 2109 dogmatis
1188 2021 1344 2087 enitescat
1375 2016 1522 2083 Saloator

217 2123 332 2188 etenim
353 2147 409 2208 per
433 2126 494 2192 hoc
524 2125 627 2192 uoluit
653 2127 815 2191 ostendere
845 2148 918 2191 eum
943 2124 1104 2210 angelum,
1135 2121 1190 2208 qui
1215 2143 1233 2185 a
1259 2123 1318 2184 deo
1344 2119 1447 2184 factus
1473 2120 1521 2183 est

217 2227 248 2289 et
268 2224 347 2289 lucis
370 2225 526 2309 particeps
548 2225 617 2306 fuit,
643 2227 844 2308 postmodum
865 2247 921 2308 per
941 2223 1034 2290 liberi
1055 2220 1177 2288 arbitrii
1197 2218 1380 2284 facultatem
1407 2217 1442 2282 in
1467 2218 1520 2282 de-

216 2323 314 2389 terius
345 2327 572 2390 commutatum
597 2325 631 2390 in
661 2329 837 2408 apostatam
867 2324 1029 2390 decidisse.
1072 2321 1147 2388 Non
1169 2319 1252 2385 enim
1273 2320 1383 2384 cadere
1404 2315 1519 2401 uliquis

214 2423 276 2488 nisi
296 2445 315 2488 a
336 2424 549 2507 superioribus
574 2424 690 2491 dicitur
716 2429 747 2490 et
771 2424 833 2490 nisi
858 2424 913 2490 ille
939 2423 995 2508 qui
1015 2421 1151 2499 steterit3
1176 2420 1258 2485 sicut
1284 2417 1378 2482 etiam
1403 2415 1436 2480 in
1458 2416 1518 2480 hoc

161 2527 196 2584 20
213 2521 282 2606 ipso
313 2523 500 2604 ostenditur,
531 2545 602 2589 oum
633 2525 710 2590 dicit
741 2547 812 2590 eum
837 2525 920 2590 sicut
949 2522 1058 2608 fulgur
1084 2520 1233 2587 cecidisse
1262 2520 1301 2582 de
1327 2515 1429 2596 coelo,
1462 2515 1517 2600 qui

211 2621 322 2706 utique
344 2643 445 2690 sermo
473 2625 617 2708 designat
639 2627 671 2690 et
695 2624 834 2691 ostendit
864 2646 936 2690 eum
961 2623 1042 2688 lucis
1068 2619 1166 2686 fuisse
1192 2616 1385 2703 participem,
1415 2614 1516 2698 prius·

213 2742 307 2805 quam
331 2725 507 2788 mutaretur
528 2727 560 2790 et
581 2726 713 2805 caderet,
735 2724 810 2808 quia
830 2725 865 2788 in
885 2722 1012 2807 fulgure
1034 2719 1160 2786 claritas
1181 2717 1261 2784 lucis
1282 2714 1466 2782 ostenditur.

292 2827 378 2888 Eutr.
399 2826 439 2888 ct:
461 2821 696 2908 consequenter
718 2847 751 2890 se
772 2825 869 2890 habet
889 2844 992 2888 sermo
1014 2821 1089 2905 quia
1111 2823 1142 2885 et
1162 2813 1357 2901 impossibile
1383 2816 1431 2878 est
1452 2815 1513 2878 duo

211 2941 277 2988 esse
298 2921 447 3006 ingenita

157 3027 192 3082 25
293 3028 368 3088 Mor.
390 3027 431 3087 d:
453 3023 575 3088 Auctor
596 3042 671 3108 ergo
693 3022 769 3088 mali
791 3022 851 3088 erit
871 3024 981 3087 bonus.

292 3126 347 3188 Ad.
368 3126 408 3188 ct:
434 3119 509 3187 Non
529 3125 608 3205 puto
629 3121 800 3187 absurdum
821 3121 923 3187 uideri
945 3123 972 3186 si
993 3119 1171 3203 exemplum
1192 3121 1230 3183 de
1256 3118 1349 3182 robus
1370 3115 1515 3182 materia-

209 3218 294 3285 libus
315 3220 519 3304 proleramus,
548 3226 585 3286 nt
609 3221 711 3306 magis
736 3221 793 3287 fiat
813 3221 1015 3306 perspicuum
1042 3222 1127 3304 quod
1152 3217 1349 3302 requirimus.
1384 3215 1418 3281 Si
1443 3217 1515 3300 quis

211 3319 292 3387 forte
314 3320 404 3386 faber
425 3325 480 3386 aut
500 3321 589 3388 fusor
609 3326 745 3388 statuam
766 3321 891 3400 fuderit,
913 3321 1003 3386 uerbi
1024 3341 1118 3386 causa
1140 3341 1177 3384 ex
1198 3317 1330 3383 materia
1346 3316 1426 3382 seris
1448 3315 1515 3382 siue

210 3419 332 3503 argenti
355 3443 486 3504 eamque
505 3421 670 3488 tradiderit
688 3425 728 3487 od
742 3443 901 3488 summurn
922 3421 1056 3505 politam
1071 3425 1102 3486 et
1123 3417 1375 3503 splendidissimo
1390 3414 1514 3500 fulgore

158 3523 194 3580 30
211 3519 287 3584 artis
310 3541 346 3585 eo
367 3520 488 3586 metelli
508 3522 690 3602 radiantem,
715 3526 826 3605 postea
846 3526 952 3588 autem
973 3519 1173 3607 neglegentia
1194 3517 1260 3584 eius
1282 3515 1338 3601 qui
1359 3515 1515 3598 acceperit

211 3618 251 3683 ab
272 3619 393 3685 artifice
415 3624 520 3686 statua
540 3621 609 3705 ipso
631 3625 803 3706 occupetur
828 3622 976 3706 aerugine
1003 3624 1035 3686 et
1060 3619 1216 3685 efficiatur
1242 3617 1404 3683 horridum
1430 3616 1514 3699 quod

211 3717 297 3800 prius
319 3718 519 3802 splendidum
540 3721 651 3802 fuerat,
670 3721 826 3806 numquid
847 3721 973 3804 culpam
999 3719 1093 3786 huius
1118 3718 1165 3784 rei
1190 3717 1303 3786 merito
1330 3714 1515 3782 ascribimus

210 3817 345 3884 artifici?

298 4299 317 4356 8
336 4299 435 4371 dicere]
454 4302 566 4374 Caspari
576 4303 671 4368 meint,
689 4301 751 4358 dass
768 4303 828 4358 hier
847 4302 965 4357 »dicore«
987 4306 1018 4357 st.
1035 4301 1119 4356 mer«
1139 4301 1220 4356 steht.
1252 4300 1376 4355 »Dicere«
1395 4298 1432 4353 ist
1449 4297 1515 4352 aber

211 4381 322 4454 richtig.
351 4383 415 4439 Non
427 4389 518 4456 potest
533 4387 629 4454 dicere,
641 4385 679 4442 nl.
692 4386 821 4442 Marinus.
840 4387 908 4440 —B
924 4388 928 4456 Ι
945 4387 980 4442 11
996 4387 1062 4442 Cod.
1074 4389 1173 4457 posset,
1191 4385 1243 4440 mit
1256 4385 1294 4438 »i«
1308 4383 1376 4438 iiber
1386 4403 1413 4438 u.
1425 4381 1515 4437 Strich

211 4470 292 4522 anter
313 4485 358 4522 »e«
383 4471 388 4538 Ι
413 4470 451 4525 18
470 4470 634 4542 apostatam]
653 4469 719 4526 Cod.
736 4473 899 4544 apostatum.
931 4471 993 4542 Vgl.
1011 4471 1037 4526 S.
1056 4474 1116 4536 129„
1125 4473 1166 4527 16.
1184 4471 1252 4524 -Β
1275 4471 1279 4538 Ι
1304 4470 1344 4525 20
1361 4467 1428 4539 ipso]
1447 4466 1513 4522 God.

211 4549 301 4621 ipsum
316 4554 320 4620 Ι
337 4553 373 4609 21
395 4554 461 4610 cod.
478 4555 534 4610 luci
548 4557 553 4625 Ι
569 4555 608 4612 28
626 4553 691 4612 cos.
709 4557 803 4620 luerit,
827 4555 879 4610 mit
903 4555 950 4610 »de
970 4557 1037 4610 dber
1060 4555 1085 4612 d.
1103 4555 1176 4610 Zoilo
1191 4556 1195 4624 1
1211 4555 1252 4611 80
1268 4553 1334 4610 God.
1351 4550 1513 4624 neglientia;

211 4635 308 4692 weitcr
327 4641 413 4694 unten
431 4640 556 4712 dagegen
574 4639 918 4710 zweimalnneglegentia«
935 4640 994 4708 182
1013 4640 1078 4696 Cod.
1096 4640 1182 4704 flerat,
1201 4639 1252 4694 mit
1271 4657 1317 4693 »u«
1337 4637 1405 4694 uber
1424 4639 1472 4693 »i«.
