3744 5528
222 497 333 571 Carpati
351 498 376 553 V
394 516 417 555 o
435 500 459 557 6.
478 501 502 554 7.
816 503 925 574 Dialog.
1467 511 1526 576 189

222 673 327 736 datam
348 669 482 736 salutem
501 691 582 754 quae
602 691 666 735 non
688 675 735 735 est
755 673 837 752 dats,
862 671 944 737 siout
965 675 996 737 et
1015 671 1070 738 ille
1091 675 1219 756 putatus
1241 675 1289 738 est
1307 676 1451 738 mortuus
1473 672 1528 757 qui

221 793 285 837 non
307 774 355 835 est
375 774 527 836 mortuus.

303 875 359 936 Ad.
380 875 419 936 d:
441 869 611 936 Paululum
633 871 736 937 adhue
755 870 834 936 mihi
855 870 998 936 auditum
1018 873 1174 954 praebete,
1201 876 1233 937 et
1259 873 1467 938 euidentiores
1488 875 1527 937 de

221 969 364 1054 apostolo
394 969 552 1053 proferam
581 969 790 1053 probationes.
833 970 891 1036 Ait
918 992 1066 1056 namque:
1103 973 1140 1036 Si
1168 982 1267 1036 ouum
1299 977 1437 1038 oruata
1464 995 1528 1038 aon

187 1070 380 1134 hermae
400 1092 419 1133 a
439 1074 573 1150 mortuas,
592 1074 698 1134 amnis
718 1079 761 1134 est
774 1075 955 1152 praedicatio
969 1079 1080 1147 nostra,
1102 1079 1128 1135 at
1148 1094 1246 1136 morto
1264 1082 1306 1136 ast
1325 1077 1400 1154 fides
1420 1081 1527 1137 uestro.

221 1168 255 1234 Si
277 1189 361 1255 orgo,
381 1172 419 1234 ut
437 1169 492 1235 isti
512 1173 632 1253 putant,
653 1190 718 1234 non
737 1191 812 1236 uere
832 1174 975 1235 mortuus
997 1173 1053 1250 est,
1075 1175 1195 1236 eertum
1210 1175 1258 1236 est
1279 1171 1355 1256 quia
1372 1192 1433 1236 nee
1452 1193 1527 1236 uere

220 1268 390 1335 resurrexit
410 1291 429 1332 a
449 1269 590 1348 mortuis,
621 1272 653 1334 at
676 1273 752 1336 tuno
773 1290 847 1336 nere
869 1269 929 1336 erit
950 1269 1053 1334 inanis
1077 1270 1270 1354 praedieatio
1292 1273 1331 1336 de
1353 1293 1399 1350 eo,
1424 1269 1527 1335 inanis

222 1368 316 1434 etiam
338 1373 370 1434 ot
390 1367 468 1434 tides
490 1372 606 1435 nostra.
635 1367 688 1436 sie
709 1370 792 1434 enim
814 1369 1014 1453 prosequitur
1028 1370 1203 1453 apostolus:
1226 1375 1263 1438 St
1275 1381 1377 1436 auom
1393 1375 1527 1436 onam

215 1472 405 1550 perdicatur
425 1490 444 1531 a
464 1472 593 1533 mortuis
605 1474 809 1548 resurrexisse,
829 1474 956 1534 initium
969 1473 1196 1551 dormientium
1219 1475 1292 1553 quio
1306 1493 1363 1553 per
1375 1475 1527 1535 hominem

171 1571 303 1632 lomere
323 1577 351 1631 et
364 1589 421 1649 per
441 1570 593 1632 hominem
612 1575 784 1633 resurreetio
805 1578 1003 1633 mortuorum.
1033 1572 1118 1634 Siout
1133 1575 1219 1634 eadm
1233 1593 1290 1651 per
1304 1575 1403 1635 Adam
1423 1592 1527 1636 matoes

220 1672 402 1745 moriantur,
424 1670 468 1730 ito
488 1676 515 1730 et
533 1671 568 1732 in
592 1670 709 1732 Chnsssto
730 1691 832 1733 omnes
852 1672 1102 1749 adumbrentur,
1122 1678 1149 1734 at
1168 1673 1294 1734 initium
1319 1672 1464 1734 thirtua.

302 1989 328 2032 a.
349 1967 434 2037 vll.
462 1973 547 2032 Eutr.
569 1966 747 2047 atereth,
768 1968 898 2048 Marino,
918 1969 1025 2034 uerbis
1046 1967 1203 2052 apostoli?

300 2073 376 2134 Mar.
398 2072 438 2133 d:
464 2065 564 2133 Credo
590 2066 742 2151 apostolo.
778 2066 840 2134 Sed
867 2067 941 2133 uide
963 2069 1122 2152 quomodo
1152 2068 1219 2151 ipse
1245 2067 1407 2150 apostolus
1437 2066 1525 2132 dioit:

223 2170 283 2242 Qua·
303 2170 448 2232 &asendit
467 2171 532 2249 ipra
552 2177 596 2232 eet
620 2175 647 2231 et
671 2171 880 2249 quiescentia
916 2167 959 2232 Et
983 2168 1098 2233 iterum
1122 2169 1156 2232 in
1182 2167 1346 2251 euangelio
1373 2165 1525 2249 seriptum

169 2275 202 2329 15
220 2269 280 2332 est:
309 2271 405 2332 Nemo
425 2271 557 2332 aseendit
576 2271 612 2331 ἐπ
631 2271 753 2344 wama,
784 2271 848 2332 atsi
867 2272 921 2348 qui
940 2271 975 2332 de
995 2271 1072 2332 ooelo
1093 2271 1248 2346 deseendit,
1278 2271 1365 2348 tilius
1390 2269 1525 2331 hominis

219 2365 285 2448 (qui
302 2377 347 2432 est
365 2371 401 2431 ta
421 2365 517 2450 eodo).
552 2365 651 2431 Uidea
672 2387 768 2450 quam
788 2366 953 2450 perspicue
974 2365 1052 2432 dioit
1073 2388 1145 2432 eum
1167 2368 1205 2432 da
1226 2365 1315 2433 eoelo
1336 2366 1470 2432 uenisse.

301 2471 355 2530 Ad.
377 2469 417 2531 d:
437 2466 497 2532 His
518 2464 708 2532 testimoniis
728 2470 872 2532 nostrum
893 2469 1010 2551 dogma
1029 2466 1178 2532 munitur.

302 2569 377 2630 Mar.
399 2571 439 2632 d:
461 2565 647 2644 Quomodo?

301 2671 356 2731 Ad.
377 2671 417 2733 d:
442 2663 653 2749 Euangelium
679 2667 784 2747 aperte
810 2667 947 2730 ostendit
973 2667 1048 2750 quio
1068 2666 1203 2731 uerbum
1225 2668 1264 2731 de
1285 2662 1374 2730 coelo
1396 2665 1524 2728 deseen-

167 2770 201 2826 20
218 2764 308 2846 derit,
334 2768 365 2829 et
384 2787 450 2831 non
475 2766 570 2831 homo
591 2765 626 2828 in
651 2764 775 2831 eoelum
800 2765 982 2831 ascenderit
1017 2769 1112 2830 Nemo
1141 2766 1233 2845 enim,
1258 2763 1370 2848 inquit,
1395 2767 1525 2828 moasdit

217 2869 253 2930 tn
273 2869 395 2944 eoelum,
413 2869 478 2930 assi
498 2870 553 2947 qui
572 2869 606 2929 de
626 2869 702 2929 noeto
716 2869 867 2928 deeoersdit.
896 2863 989 2942 Quod
1010 2864 1093 2930 enim
1108 2863 1201 2930 dixit:
1222 2868 1352 2929 aseendit
1364 2860 1524 2946 praeteriti

217 2964 367 3048 temporis
388 2968 444 3030 est
472 2961 549 3031 Non
569 2963 653 3028 enim
672 2963 749 3028 dioit
770 2963 845 3049 quia
866 2985 959 3029 nemo
977 2966 1132 3040 ascendet,
1153 2964 1215 3030 hoe
1235 2968 1283 3029 ert
1303 2984 1395 3028 nemo
1417 2983 1524 3028 moen·

216 3085 311 3131 surus
333 3069 388 3145 est
413 3065 470 3129 sad
489 3063 596 3129 nullus
618 3063 767 3129 aseendit
800 3063 968 3128 Manifesta
988 3063 1088 3148 igitur
1109 3063 1335 3129 demonstrauit
1356 3062 1432 3148 quia
1452 3065 1523 3126 ante

217 3162 377 3230 Christum
398 3184 491 3229 nemo
512 3163 694 3228 ascenderit.
725 3160 787 3227 Sed
809 3168 840 3228 at
861 3162 1023 3246 apostolus
1045 3161 1135 3228 dioit:
1155 3168 1390 3244 fflnwyem'tuq
1410 3160 1523 3245 inquit,

165 3267 198 3324 25
215 3286 250 3328 eu
278 3269 415 3328 mortuis.
449 3262 493 3329 Et
521 3262 636 3328 iterum
666 3261 754 3328 dioit:
784 3267 913 3328 Initium
942 3267 1163 3328 manentum.
1205 3260 1249 3328 Et
1282 3264 1398 3328 iterum
1434 3261 1523 3326 dioit:

215 3367 343 3428 Initiwn
360 3367 507 3441 oensem,
529 3367 632 3428 mindo
652 3367 686 3427 hi
706 3367 760 3444 qui
779 3373 852 3428 auat
869 3367 988 3430 Ohneti.
1023 3361 1205 3446 Antequam
1226 3362 1361 3428 uerbum
1381 3361 1433 3427 dai
1454 3364 1523 3426 des·

216 3465 363 3528 canderet
377 3467 409 3527 et
423 3483 549 3527 earnem
563 3466 735 3528 assumeret
748 3463 902 3528 humanae
917 3465 1055 3534 naturae,
1076 3483 1169 3528 nemo
1185 3463 1327 3530 aseendit
1343 3461 1377 3527 in
1391 3460 1523 3528 eoelum.

214 3562 426 3645 Posteaquam
446 3582 522 3626 uero
542 3560 684 3628 Christus
705 3561 851 3640 aseendit,
873 3566 950 3628 tuno
971 3561 1066 3626 etiam
1086 3562 1120 3626 hi
1141 3562 1197 3646 qui
1217 3566 1291 3628 sunt
1310 3561 1435 3629 Christi.
1471 3559 1524 3626 Sio

215 3661 299 3726 enim
325 3661 413 3727 dicit:
445 3665 575 3726 Initium
598 3665 747 3742 Ohrshtus,
775 3666 877 3726 deinde
902 3665 935 3726 a·
963 3665 1018 3744 qai
1044 3671 1118 3726 aunt
1141 3666 1261 3728 Christi.
1297 3661 1390 3740 Quod
1418 3664 1523 3726 autem

164 3772 199 3828 30
216 3759 292 3826 dioit
313 3760 474 3845 apostolus
497 3760 571 3846 quia
595 3766 658 3837 Qut
683 3766 827 3826 domuit
852 3766 916 3843 ipse
940 3772 984 3825 eat
1007 3772 1035 3826 et
1065 3767 1119 3843 qut
1143 3767 1284 3842 moendit,
1314 3763 1375 3827 hoo
1404 3760 1523 3826 indicat
1596 3827 1599 3835 ⁴

216 3863 301 3945 quod
331 3859 419 3926 nulla
447 3860 553 3944 passio
582 3861 635 3925 nel
660 3859 817 3945 fragilitas
847 3860 1018 3926 mutauerit
1042 3862 1176 3926 uerbum
1203 3861 1261 3935 dei,
1291 3864 1347 3927 sed
1372 3860 1439 3944 ipse
1468 3859 1522 3945 qui

298 4416 317 4471 d
335 4415 392 4485 isti]
412 4415 477 4470 cod.
494 4414 560 4470 iusti
582 4417 587 4483 Ι
612 4414 651 4471 10
668 4431 716 4486 per
732 4414 831 4484 Adam]
851 4414 961 4486 Caspari
980 4414 1120 4480 bemartrt,
1144 4431 1173 4470 as
1195 4414 1234 4470 aei
1253 4415 1328 4472 wohl
1352 4413 1397 4468 »in
1414 4418 1462 4469 Aa
1488 4431 1522 4469 au

211 4500 296 4556 lassu.
330 4499 471 4571 Unndtige
492 4486 651 4570 hudemng.
667 4499 735 4553 -B
758 4501 763 4567 Ι
789 4499 827 4556 14
845 4498 897 4565 Qui
917 4497 1067 4569 deseendit]
1091 4500 1133 4554 Im
1156 4499 1221 4556 God.
1240 4499 1322 4554 stand
1345 4498 1451 4568 »quisq
1475 4517 1519 4554 »st

211 4583 305 4638 wurds
318 4582 384 4639 aber
396 4583 572 4654 ausgeldsoht
583 4583 625 4638 als
636 4583 725 4640 fedsoh
740 4585 745 4654 Ι
760 4583 798 4641 at
817 4583 867 4638 Die
879 4582 976 4638 Worte
995 4583 1131 4638 »Initium
1142 4583 1347 4638 detrudendum.
1372 4583 1409 4638 Et
1419 4583 1521 4640 iterum

212 4667 295 4722 dicit«
315 4667 421 4735 stehen,
440 4668 481 4722 als
497 4667 537 4722 im
553 4667 582 4722 u.
601 4685 753 4739 ramessen,
771 4685 816 4722 am
834 4668 937 4735 Raude,
955 4684 998 4723 wo
1017 4667 1057 4723 sie
1073 4669 1138 4723 funs
1154 4668 1246 4725 Zeilen
1263 4666 1435 4725 einnehmen.
