3744 5524
230 501 342 574 Caspai-i
359 501 397 555 IV
415 518 437 556 o.
455 500 479 554 2.
825 501 935 574 Dialog.
1476 510 1533 572 141

230 673 314 756 apud
334 673 451 735 memet
470 668 575 752 ipsum
595 668 754 753 requirere
779 673 863 738 unde
889 671 967 736 haee
988 671 1110 750 fierent,
1136 670 1190 736 uel
1215 671 1286 756 quis
1313 674 1395 736 esset
1415 669 1536 754 primus

230 773 342 836 horum
363 773 481 849 motus,
507 789 590 852 quae
610 768 713 836 uirtus
735 775 817 837 esset
843 793 923 856 quae
944 773 1022 838 haee
1042 771 1186 838 homines
1208 791 1302 856 agere
1323 773 1536 856 perurgueret,

230 872 313 936 unde
334 869 447 936 horum
468 869 658 948 adiuuentio‚
683 869 737 934 uel
761 870 832 955 quis
854 893 964 938 eorum
984 871 1143 956 magister.
1178 870 1264 938 Nem
1294 871 1423 954 quidem
1443 873 1536 936 deum

228 970 332 1036 dicere
353 969 466 1036 borum
486 968 639 1034 faetorem
664 991 729 1035 non
755 971 833 1036 mibi
854 971 1022 1038 uidebatur
1046 971 1144 1056 pium,
1169 993 1271 1056 neque
1293 973 1379 1055 quod
1405 970 1535 1054 abipso

194 1069 365 1136 thabeent
384 1069 602 1147 substantiam,
622 1067 676 1134 uel
696 1073 784 1153 quod
804 1072 844 1136 ab
865 1070 935 1154 ipso
957 1070 1131 1138 subsistant
1143 1072 1234 1139 mela
1270 1069 1436 1148 Quomodo
1452 1069 1535 1136 enim

228 1169 379 1254 possibile
401 1169 531 1235 esthon
556 1169 610 1234 uel
631 1169 770 1252 cogitare
797 1172 835 1234 de
857 1173 925 1249 deo,
955 1170 1038 1254 quia,
1068 1172 1151 1238 siout
1171 1172 1238 1256 ipse
1259 1171 1361 1238 bonus
1383 1173 1438 1250 est,
1469 1170 1536 1234 sine

230 1269 326 1335 dubio
348 1272 381 1334 st
401 1269 558 1334 bonorum
579 1271 702 1334 ereator
723 1273 777 1348 est,
800 1268 875 1334 mali
897 1273 1002 1336 autem
1023 1273 1063 1336 ab
1086 1291 1122 1336 eo
1146 1293 1213 1338 esse
1234 1270 1314 1336 nihil
1335 1273 1447 1353 potest
1474 1267 1536 1334 Sed

228 1391 269 1434 ne
294 1371 432 1453 gaudere
457 1368 586 1452 quidem
615 1367 707 1434 malis
732 1371 845 1452 potest
875 1391 1012 1452 quorum
1034 1370 1128 1436 etiam
1157 1371 1333 1436 substantie
1354 1369 1383 1434 ei
1414 1390 1536 1434 exeora·

229 1467 303 1534 bilis
322 1473 378 1549 est,
399 1472 431 1534 et
449 1467 568 1534 alienos
591 1467 715 1534 dueita
736 1490 769 1534 se
797 1488 904 1534 omnes
927 1468 983 1552 qui
1003 1467 1161 1536 laetantur
1181 1469 1281 1548 malis,
1309 1490 1361 1536 eos
1383 1491 1459 1534 uero
1481 1470 1536 1552 qui

178 1575 213 1631 10
230 1567 394 1653 refugiunt
417 1567 501 1633 mala
526 1567 662 1634 libenter
689 1566 896 1652 ampleotitur.
936 1567 980 1634 Et
1010 1573 1169 1653 quomodo
1199 1591 1263 1635 non
1289 1569 1459 1634 absurdum
1489 1571 1537 1633 est

231 1670 322 1732 deurn
345 1666 447 1733 disere
468 1667 582 1733 borum
603 1666 806 1744 uenditorem,
830 1668 885 1751 qui
907 1671 939 1732 et
960 1669 1027 1734 sine
1049 1669 1145 1736 dubio
1160 1673 1323 1734 exseratur
1343 1667 1424 1734 ista?
1445 1665 1489 1731 Et
1510 1667 1536 1732 si

230 1789 293 1832 non
314 1767 385 1832 uult
413 1768 588 1846 besuense,
618 1771 777 1852 quomodo
800 1789 907 1832 eorum
938 1774 1061 1834 oreetor
1082 1769 1145 1834 diei
1173 1771 1298 1852 potest?
1332 1765 1433 1834 Immo
1460 1789 1535 1834 uero

229 1866 403 1932 imitatores
428 1867 478 1932 sni
504 1888 571 1932 esse
597 1866 685 1951 eupit
711 1887 764 1934 eos
791 1867 846 1950 qui
872 1869 1026 1934 aeosdunt
1051 1871 1092 1934 ed
1117 1891 1159 1936 se.
1200 1866 1294 1934 Unde
1319 1865 1533 1932 irrationabile

230 1964 307 2030 mihi
328 1964 454 2030 uidetur
474 1967 553 2032 haee
572 1965 635 2050 ipsi
649 1968 811 2045 ascribere,
832 1964 886 2031 uel
900 1967 940 2031 ab
961 1966 1031 2050 ipso
1053 1968 1138 2034 faeta
1152 1967 1262 2045 dicere
1283 1964 1446 2032 ueletiam
1466 1965 1535 2048 ipso

180 2073 213 2128 15
230 2064 413 2149 indulgente
435 2065 613 2132 subsistere
656 2065 691 2132 Si
711 2087 787 2132 uero
810 2067 848 2130 de
869 2087 934 2132 non
955 2067 1152 2134 exstantibus
1177 2066 1254 2132 haee
1280 2065 1393 2131 feeisse
1414 2064 1537 2129 dicatur

232 2186 303 2230 oum
329 2187 379 2244 eo,
406 2167 491 2249 quod
517 2187 555 2230 ex
580 2164 680 2231 nihilo
706 2164 775 2230 fieri
796 2163 918 2249 aliquid
938 2165 1133 2249 impossibile
1155 2171 1214 2246 est,
1240 2166 1350 2250 utique
1376 2163 1537 2230 inuenitur

232 2265 325 2330 etiam
346 2264 430 2332 mala
450 2265 520 2348 ipsa
542 2265 662 2330 feeisse
704 2263 771 2329 Aut
797 2267 957 2348 quomodo
984 2287 1179 2350 consequens
1203 2269 1276 2344 erat.
1308 2267 1343 2344 si,
1372 2285 1445 2330 eum
1472 2285 1536 2329 non

232 2369 343 2440 essent,
370 2387 436 2430 esse
458 2387 495 2430 ea
515 2364 650 2442 feeisset,
675 2385 799 2430 rursum
821 2385 858 2428 ea
877 2363 1074 2432 interimeret
1093 2387 1133 2430 ne
1155 2369 1279 2432 essent?
1313 2363 1357 2430 Et
1377 2362 1537 2428 uidebitur

231 2464 406 2530 necessario
433 2464 497 2529 dici
527 2465 601 2547 quia
627 2462 689 2528 fuit
717 2461 888 2546 aliquando
914 2468 1037 2548 tempus
1068 2486 1140 2530 eum
1165 2465 1257 2530 malis
1284 2465 1435 2548 gauderet
1461 2464 1537 2528 deus

181 2576 214 2632 20
232 2569 263 2629 et
284 2585 368 2629 nune
389 2585 452 2629 non
473 2563 520 2628 ite
539 2563 643 2642 faeiat,
665 2565 752 2648 quod
772 2561 851 2628 mihi
871 2563 1066 2647 impossibile
1080 2563 1206 2630 uidetur
1227 2568 1259 2628 et
1278 2561 1372 2629 ualde
1389 2562 1536 2628 indecens

232 2666 270 2730 de
292 2665 350 2728 deo
370 2663 440 2744 diei,
462 2662 607 2729 nonullo
629 2665 724 2728 modo
745 2663 823 2730 haee
845 2661 912 2728 eius
933 2666 1063 2730 naturae
1078 2664 1276 2730 conueniunt
1305 2659 1397 2728 Unde
1411 2661 1537 2726 uidetur

231 2763 310 2829 mihi
339 2785 406 2828 esse
427 2762 548 2847 aliquid
577 2763 640 2845 ipsi
666 2765 876 2842 ooaeternunr,
906 2762 996 2828 ouius
1022 2783 1138 2830 nornen
1168 2764 1210 2829 sit
1235 2761 1375 2841 materis,
1405 2783 1444 2826 ex
1473 2782 1537 2845 qua

232 2863 337 2928 omnia
367 2883 447 2947 quae
479 2867 554 2928 sunt
583 2861 749 2942 creauerit,
781 2865 848 2926 arte
880 2860 1052 2945 sapientiae
1087 2861 1284 2947 distinguens
1319 2859 1445 2946 singula
1485 2860 1537 2927 uel

232 2984 394 3042 exornans,
422 2967 454 3028 et
475 2985 513 3028 ex
533 2963 603 3046 ipsa
622 2961 754 3028 materia
773 2961 923 3027 uidentur
944 2982 1011 3026 esse
1032 2961 1116 3027 mala
1138 2982 1219 3045 quae
1241 2964 1326 3041 sunt,
1355 2960 1439 3045 quia,
1465 2981 1535 3024 oum

181 3072 215 3127 25
231 3062 375 3130 informis
406 3065 487 3128 esset
517 3067 548 3128 et
577 3061 716 3126 increata
745 3065 841 3144 atque
871 3059 1088 3144 incomposita,
1116 3059 1257 3145 indigere
1286 3059 1356 3126 uisa
1390 3065 1438 3125 est
1472 3059 1536 3143 (et)

233 3183 400 3246 exposuere
421 3183 549 3227 manum
570 3159 699 3225 artificis
722 3158 779 3224 dei.
815 3158 860 3224 At
880 3158 935 3225 ille
956 3183 1021 3226 non
1042 3159 1158 3226 inuidit
1179 3159 1333 3226 desiderio
1348 3158 1414 3224 eius
1435 3181 1537 3242 neque

319 4160 366 4224 112
385 4159 450 4214 God.
468 4159 550 4231 primi
561 4159 659 4216 horum
671 4161 769 4214 motus.
799 4156 924 4230 Caepari:
942 4157 1045 4229 primns
1061 4157 1160 4213 horum
1176 4160 1273 4225 motor,
1291 4157 1348 4212 und
1366 4155 1439 4228 fregi
1449 4156 1480 4212 in
1491 4155 1540 4212 der

234 4246 317 4301 Note:
335 4245 464 4316 Princeps
475 4245 574 4300 borum
586 4244 697 4300 motus?
725 4246 830 4299 Auotm
841 4241 922 4315 primi
933 4240 1030 4298 borum
1042 4242 1153 4297 motus?
1174 4271 1204 4281 -
1216 4243 1239 4297 B
1254 4243 1259 4310 Ι
1274 4240 1293 4296 9
1312 4240 1396 4312 duait]
1410 4241 1474 4298 Cod.
1487 4240 1539 4310 dio,

234 4330 286 4385 mit
304 4348 352 4386 »n«
372 4331 440 4386 tiber
458 4329 498 4384 ›i‹
515 4329 519 4398 Ι
536 4329 575 4386 lo
593 4345 655 4384 oum
673 4345 705 4386 eo
722 4328 773 4384 bat
792 4327 893 4384 keinen
911 4325 985 4382 Sinn
1020 4325 1057 4382 Es
1075 4323 1137 4380 sind
1153 4325 1228 4382 wohl
1245 4324 1343 4380 Worte
1360 4325 1539 4396 ausgefallen.

234 4443 267 4454 —
280 4415 302 4470 B
317 4415 322 4484 Ι
341 4412 407 4470 Ood.
430 4413 489 4470 fieri
511 4412 617 4482 aliquid
637 4412 695 4467 fieri
713 4413 718 4482 Ι
740 4414 776 4470 17
795 4411 863 4484 ipsa]
889 4410 1037 4468 Vislleioht
1057 4409 1123 4484 ipse.
1141 4411 1209 4465 -B
1233 4411 1237 4478 Ι
1264 4407 1301 4466 18
1320 4407 1385 4465 God.
1403 4409 1539 4478 iecissent,

234 4499 286 4554 mit
304 4498 394 4554 einern
416 4499 505 4555 Striob
527 4501 609 4554 anter
632 4517 680 4552 »n«
706 4500 710 4566 Ι
735 4498 775 4554 20
794 4497 859 4554 God
877 4497 947 4552 mihi
967 4501 983 4552 d
1006 4495 1080 4566 (est),
1102 4493 1155 4550 mit
1175 4493 1264 4548 einern
1287 4493 1377 4548 Strieb
1399 4496 1512 4549 antero
1534 4497 1538 4564 Ι

236 4583 273 4639 21
293 4583 359 4640 eod
372 4583 538 4640 conueniant
552 4584 556 4654 Ι
572 4584 612 4640 28
631 4583 696 4640 eod
713 4583 874 4654 distingues.
903 4581 958 4637 Der
970 4579 1113 4637 Sobreiber
1130 4580 1180 4635 hat
1196 4577 1271 4635 wohl
1289 4595 1441 4650 ramessen,
1459 4578 1540 4634 einen

235 4667 324 4724 Striob
342 4668 409 4723 dber
428 4686 473 4724 »e«
492 4687 526 4724 au
543 4670 655 4738 setaeni
672 4668 710 4726 25
731 4671 788 4722 »et«
808 4666 878 4723 fehlt
895 4665 934 4720 im
952 4663 1017 4721 Cod.
