3744 5528
227 500 339 571 Casperi
357 500 382 556 V
400 518 423 556 c.
441 500 483 556 21.
501 502 542 556 22.
828 500 936 570 Dialog.
1474 510 1535 572 219

226 669 410 753 priusquam
432 690 546 752 eorpus
572 669 728 752 acciperet
749 667 948 752 delinquisse.
985 667 1018 733 Si
1045 689 1120 754 ergo
1146 670 1251 753 potuit
1276 672 1381 736 anima
1405 693 1535 755 peccare

227 770 294 834 sine
316 789 455 852 corpore,
475 790 540 834 non
563 767 623 833 erit
644 768 767 832 animae
788 788 903 851 corpus
926 789 1019 832 causa
1040 768 1170 852 peccati.

310 867 413 951 <theta
427 868 483 950 dc>
505 867 540 933 si
558 867 743 952 priusquam
762 868 941 932 uinceretur
955 867 1061 933 anima
1080 868 1195 934 dicitur
1209 867 1409 953 delinquisse,
1427 893 1535 954 super·

227 966 326 1031 fluum
348 972 543 1033 astoensem
564 967 721 1033 malorum
743 967 806 1032 diei
826 966 972 1050 corporis·
987 967 1158 1048 uinculum,
1186 968 1263 1053 quin
1283 969 1380 1034 immo
1403 974 1434 1035 et
1454 970 1535 1036 illud

191 1075 208 1126 5
226 1068 327 1150 magis
353 1068 526 1133 uidendum
553 1071 602 1133 est
630 1090 681 1146 ne,
697 1065 785 1132 'eum
806 1069 854 1130 est
874 1068 907 1130 in
934 1088 1065 1150 corpore
1085 1069 1201 1153 posita,
1227 1070 1343 1133 iterum
1364 1068 1534 1153 delinquet.

309 1171 363 1231 Ad.
385 1172 426 1232 d:
461 1165 635 1233 Uinculum
670 1167 792 1231 animae
828 1187 943 1249 corpus
973 1167 1118 1246 asseruit3
1153 1167 1318 1232 uinculum
1346 1190 1423 1234 uero
1454 1168 1535 1235 solet

226 1265 370 1330 cohibere
405 1271 437 1330 et
469 1267 683 1352 constringere
719 1265 855 1348 aliquem
892 1287 932 1330 ne
967 1265 1144 1351 delinquat;
1180 1289 1294 1351 corpus
1330 1272 1436 1333 autem
1470 1290 1534 1334 non

226 1365 371 1429 uidemus
391 1365 556 1430 uinculum
578 1388 645 1432 esse
667 1365 797 1442 animae,
820 1368 875 1429 sed
897 1365 1059 1448 cooperari
1081 1367 1110 1431 ei
1130 1366 1183 1432 uel
1204 1367 1431 1433 administrare.

308 1471 385 1531 Mor.
404 1471 443 1530 ct:
466 1466 652 1542 Quomodo?

175 1569 209 1623 10
308 1571 395 1630 Ealr.
404 1571 444 1630 d:
458 1563 632 1630 Uinculum
646 1566 753 1632 uincto
767 1588 831 1630 non
841 1567 1075 1647 cooperaturad
1089 1568 1292 1647 peccandum,
1306 1568 1362 1630 sed
1372 1567 1535 1652 restringit

227 1667 258 1728 et
280 1663 407 1729 cohibet
427 1665 578 1729 uinctum.
609 1663 730 1749 Corpus
751 1668 858 1729 autem
879 1663 1037 1728 ministrat
1057 1663 1180 1729 animae
1198 1668 1238 1728 ad
1259 1665 1472 1746 homicidium,
1494 1669 1534 1730 ad

226 1762 415 1828 adulterium
437 1768 468 1829 et
489 1767 529 1828 ad
551 1763 677 1848 singula
699 1785 843 1848 quaeque
864 1764 955 1828 mala
983 1761 1167 1828 Ostenditur
1188 1784 1263 1849 ergo
1282 1767 1358 1830 deus
1379 1787 1443 1831 nou
1464 1765 1533 1829 uin-

226 1862 333 1927 culum
354 1863 477 1928 dedisse
498 1863 620 1928 animae
643 1884 757 1947 corpus
783 1866 838 1929 sed
859 1862 1050 1928 adiutorium
1074 1867 1105 1928 et
1125 1863 1342 1930 ministerium.

308 2283 333 2326 c.
355 2262 481 2332 XXII.
516 2269 593 2329 Mar.
614 2266 652 2327 d:
675 2260 876 2344 Respondeat
896 2262 1106 2326 Adamantius
1133 2261 1161 2325 si
1186 2262 1359 2345 acquiescit
1380 2263 1532 2346 apostolo.

175 2372 208 2424 15
308 2366 363 2426 Ad.
385 2367 427 2428 d:
450 2362 527 2439 Quis
548 2384 612 2427 non
635 2359 808 2444 acquiescit
829 2361 858 2425 ei
878 2361 911 2425 in
938 2381 1001 2443 quo
1024 2359 1166 2425 Christus
1187 2359 1331 2444 loquitur
1352 2367 1383 2426 et
1408 2362 1442 2426 in
1469 2384 1532 2445 quo

226 2459 355 2542 spiritus
376 2465 504 2527 sanctus
524 2460 700 2525 inhabitare

307 2565 384 2626 Mar.
405 2566 445 2625 cl:
476 2559 511 2625 Si
537 2579 612 2645 ergo
640 2561 668 2624 ei
695 2559 877 2644 acquiescis,
907 2559 982 2624 audi
1012 2581 1083 2624 eum
1113 2558 1365 2624 manifestissime
1395 2581 1531 2643 pronun·

224 2659 356 2723 tientem
375 2659 450 2742 quia
467 2665 543 2725 Uero
564 2671 591 2725 et
610 2665 738 2740 sanquis
758 2682 885 2741 reprom
900 2664 947 2724 dei
966 2681 1029 2723 uon
1045 2663 1247 2740 possidebunt,
1269 2682 1363 2741 eaque
1383 2665 1532 2740 correptio

224 2762 485 2840 incorruptionem.
508 2757 592 2834 Quid
605 2760 667 2824 hoe
680 2759 898 2824 manifestius?
918 2758 1034 2841 quidue
1048 2757 1203 2823 lucidius?
1221 2755 1387 2842 Numquid
1400 2764 1533 2842 possunt

174 2863 208 2917 20
225 2859 265 2919 ad
286 2858 365 2922 haec
378 2857 485 2942 aliqua
504 2862 687 2942 argumente
706 2857 870 2941 conquiri?
891 2856 1109 2941 impudentiae
1124 2861 1172 2922 est
1188 2856 1238 2921 his
1253 2861 1318 2922 tam
1334 2858 1532 2922 euidentibus

225 2957 389 3022 sententiis
411 2957 576 3022 adversari.
1495 2971 1499 2980 ’

308 4407 324 4463 1
349 4408 415 4463 (iod.
434 4407 609 4476 delinquisse.
638 4408 673 4462 So
697 4407 722 4461 d.
740 4411 825 4478 Ausg.
843 4405 984 4476 Casperi's.
1018 4404 1057 4460 llr
1073 4406 1212 4462 bemerkt:
1230 4407 1302 4473 „Das
1323 4425 1371 4460 an«
1391 4407 1463 4464 sieht
1479 4410 1532 4464 wie

221 4491 266 4545 ein
277 4491 369 4562 wenig
381 4492 564 4562 ausgewischt
576 4497 649 4547 aus“.
668 4521 701 4532 -
714 4492 736 4545 B
752 4494 756 4560 Ι
772 4491 845 4547 alm
858 4489 924 4546 cod.
935 4490 973 4544 ist
986 4489 1076 4545 »Euta
1091 4491 1131 4546 d«
1148 4491 1319 4562 ausgefallen
1334 4494 1338 4560 Ι
1356 4493 1394 4550 10
1406 4492 1482 4549 Eutr.
1495 4493 1530 4563 d]

221 4574 287 4630 Cod.
304 4575 356 4630 nd.
375 4575 402 4630 d.
431 4577 471 4630 lm
490 4594 530 4646 gr.
547 4576 577 4630 T.
595 4577 706 4633 werden
723 4576 797 4631 disse
808 4575 906 4631 Worte
924 4572 1073 4644 Eutropius
1089 4577 1239 4647 beigelegt,
1257 4578 1315 4632 und
1333 4578 1408 4633 diese
1423 4579 1477 4633 IrA.
1495 4577 1532 4632 ist

220 4659 294 4714 wohl
311 4661 499 4728 vorzuzieheu‚
518 4659 581 4716 weil
601 4661 791 4732 »Respondeat
807 4658 1003 4714 Adamantius«
1024 4658 1105 4730 folgt.
1123 4691 1156 4700 -
1168 4662 1200 4717 B.
