3744 5528
213 490 325 562 Caspari
343 491 369 546 V
386 507 409 546 c.
426 493 466 548 lu.
486 495 526 550 18.
813 491 922 562 Dialog.
1461 501 1520 562 211

214 660 400 743 sauguinem
421 665 559 742 demunt,
581 685 645 729 non
665 662 756 728 illum
778 662 963 746 sanguinem
985 661 1115 726 uitalem
1134 662 1259 741 eiciunt,
1282 665 1337 727 sed
1355 661 1446 728 illum
1468 663 1524 746 qui

213 758 368 825 inutiliter
391 761 445 826 uel
471 785 508 826 ex
539 763 680 828 ciborum
706 761 898 827 abundantia
928 762 980 828 uel
1006 785 1044 826 ex
1070 762 1353 828 communicatione
1384 763 1524 829 humoris

215 859 355 925 adiectus
382 866 438 926 est
472 860 565 928 Unde
592 867 623 926 at
648 867 801 948 urguetur
826 863 910 928 exire
936 866 975 942 at,
1000 861 1061 926 uisi
1087 862 1182 926 fuerit
1209 863 1349 928 abiectus
1373 866 1524 947 tanquam

215 958 393 1042 superfluus
420 963 452 1025 et
476 961 606 1041 elianus,
639 962 733 1026 etiam
756 962 842 1027 uitae
871 961 1042 1045 perniciem
1068 967 1205 1046 generat.
1240 962 1317 1028 Inde
1342 964 1525 1047 peritissimi

182 1059 334 1142 equique
356 1061 550 1126 medicorum
578 1061 758 1126 assistentes
784 1061 834 1126 his
860 1062 975 1145 quibus
1002 1067 1087 1128 secta
1113 1063 1209 1127 fuerit
1234 1085 1327 1142 uena,
1355 1066 1526 1129 obseruant

215 1160 336 1224 intento
355 1160 448 1225 oculo
471 1165 503 1224 et
521 1161 702 1226 discernunt
723 1165 767 1240 ut,
790 1161 939 1244 quamdiu
954 1162 1092 1227 uiderint
1112 1161 1324 1228 adulterinum
1339 1163 1526 1247 sanguinem

216 1263 247 1322 et
268 1259 461 1342 superfluum
482 1258 688 1342 perfluentem
713 1260 768 1344 qui
789 1261 879 1345 niger
900 1261 1023 1341 dicitur,
1044 1261 1156 1328 sinant
1191 1261 1237 1328 Ut
1258 1285 1334 1329 uero
1353 1263 1442 1328 rufus
1463 1262 1525 1340 ille,

215 1357 248 1421 id
275 1362 323 1422 est
351 1357 470 1439 uitalis,
499 1360 690 1442 apparuerIt,
721 1361 827 1425 statim
854 1361 1002 1426 cohibent
1028 1365 1059 1426 et
1084 1362 1256 1429 excludunt
1281 1362 1415 1428 scientes
1441 1362 1526 1428 uitae

219 1457 394 1541 periculum
416 1459 485 1524 fieri
506 1459 534 1523 si
554 1458 639 1523 exire
659 1459 866 1542 permiserint

168 1564 200 1618 10
302 1564 389 1622 Euo.
411 1563 452 1625 dr
489 1557 606 1624 Contra
635 1557 819 1642 disciplinae
844 1560 986 1625 ordinem
1009 1562 1088 1626 haee
1113 1560 1192 1625 mihi
1216 1561 1371 1626 intentata
1401 1563 1528 1626 uidetur

218 1658 354 1724 obiectio
375 1660 412 1722 ut
430 1679 474 1736 ea,
496 1679 577 1740 quae
591 1678 648 1741 per
669 1657 756 1724 cibos
774 1659 934 1724 nutriendi
953 1659 1006 1724 uel
1021 1660 1205 1725 incrementi
1223 1681 1317 1726 causa
1331 1661 1526 1738 adhibentur,

218 1759 295 1823 haec
324 1757 452 1840 propria
481 1762 512 1822 et
542 1757 762 1822 substantialia
787 1760 997 1837 aestimentur,
1029 1781 1101 1825 cum
1123 1760 1211 1826 cibus
1234 1760 1350 1825 ideirco
1381 1781 1466 1826 nunc
1494 1761 1528 1825 in

104 1885 108 1892 ·
218 1857 412 1941 sanguinem,
434 1878 516 1922 nunc
537 1858 572 1922 in
592 1859 764 1938 humorem,
786 1859 980 1924 nuncetiam
1001 1859 1035 1924 iu
1049 1860 1133 1926 fellis
1155 1860 1340 1943 qualitatem
1355 1859 1528 1940 dirimatur,

218 1979 282 2022 non
303 1961 340 2021 ut
362 1975 479 2021 nouam
499 1958 618 2021 tribuat
635 1957 756 2022 homini
781 1958 988 2024 substantiam
1011 1961 1159 2043 corporis,
1184 1964 1240 2025 sed
1260 1966 1296 2026 ut
1325 1960 1426 2043 ipsam
1448 1981 1529 2043 quae

169 2065 202 2121 15
219 2062 267 2122 est
297 2056 415 2122 nutriat
446 2061 478 2121 et
507 2061 680 2122 conseruet
715 2054 757 2121 Et
786 2058 858 2122 ideo
891 2059 1061 2124 abicientes
1088 2060 1163 2125 haee
1194 2082 1274 2143 quae
1301 2081 1339 2125 ex
1368 2059 1528 2143 superfluo

219 2156 427 2221 inuoluuutur
448 2159 488 2220 ad
509 2178 576 2221 rem
597 2157 710 2221 uenite.

304 2377 329 2420 o.
350 2355 494 2425 XVIII.
529 2361 604 2420 Mor.
626 2361 664 2420 ct:
693 2353 799 2420 Homo
822 2378 861 2419 ex
882 2359 964 2420 terra
987 2361 1018 2420 et
1039 2379 1128 2440 aqua,
1155 2357 1221 2442 igni
1245 2363 1276 2423 et
1302 2365 1372 2424 adra
1398 2363 1488 2424 const
1507 2363 1530 2423 t.

221 2454 301 2520 Cum
323 2473 398 2538 ergo
420 2458 563 2520 mortuus
584 2454 681 2519 fuerit
701 2475 739 2518 ae
764 2453 933 2530 resolutus,
960 2458 1206 2540 unumquodque
1229 2457 1418 2523 elementum
1444 2462 1531 2542 quod

221 2576 313 2619 suum
339 2558 387 2618 est
411 2554 535 2637 recipit,
560 2554 650 2620 uerbi
674 2575 768 2619 eausa
793 2553 875 2637 ignis
901 2554 1080 2637 portionem
1107 2556 1157 2621 sui
1182 2557 1293 2640 recipit
1315 2555 1469 2638 elementi,
1498 2564 1530 2622 et

170 2662 205 2717 20
222 2675 322 2737 aquae
347 2652 504 2736 recipiunt
530 2656 616 2737 quod
641 2675 679 2718 ax
705 2653 795 2736 aquis
822 2657 881 2732 est,
909 2659 940 2719 et
966 2657 1050 2738 quod
1072 2657 1153 2720 airis
1175 2661 1223 2721 est
1248 2661 1286 2722 ad
1308 2663 1413 2723 adrem
1438 2660 1527 2738 redit,

223 2758 254 2818 et
275 2756 361 2836 quod
381 2757 482 2818 tarrae
504 2758 552 2817 est
572 2753 605 2816 in
626 2757 742 2819 terram
762 2755 938 2818 reuertitur.
974 2753 1140 2832 Quomodo
1159 2775 1233 2840 ergo
1255 2756 1287 2820 in
1302 2759 1528 2825 resurrectione

222 2851 372 2935 possibile
399 2855 448 2916 est
477 2854 611 2916 eundem
640 2854 800 2919 hominem
826 2872 1000 2936 resurgere,
1027 2875 1100 2918 cum
1124 2860 1230 2938 partes
1257 2856 1323 2922 eius
1350 2880 1388 2922 ex
1414 2858 1529 2941 quibus

224 2951 407 3016 constiterat
434 2951 557 3017 refusae
583 2952 647 3017 sint
672 2957 703 3017 et
728 2952 868 3018 redditae
895 2952 1093 3036 generalibus
1119 2953 1301 3021 elementis?
1337 2955 1426 3021 Sicut
1447 2958 1529 3022 enim

222 3052 312 3116 uerbi
327 3052 429 3134 gratia
450 3051 521 3134 quis
536 3074 651 3135 aquam
671 3052 811 3118 effundet
833 3053 866 3116 in
880 3074 977 3130 mare,
1000 3074 1095 3136 quam
1110 3075 1235 3119 rursum
1257 3055 1284 3121 si
1298 3053 1377 3121 uelit
1397 3056 1530 3136 haurire,

171 3155 205 3210 25
223 3149 308 3214 dicat
329 3172 361 3214 se
383 3154 514 3216 eandem
536 3151 678 3217 hausisse
702 3174 797 3235 quam
822 3151 986 3230 effuderat,
1012 3173 1085 3217 curn
1109 3153 1220 3238 utique
1245 3177 1295 3220 res
1319 3155 1361 3220 sit
1385 3156 1532 3240 impossi-

222 3247 303 3313 bilis.
339 3248 389 3315 Ita
409 3269 485 3335 ergo
506 3273 633 3322 necesse
655 3251 721 3330 erit,
743 3252 771 3316 si
791 3257 933 3336 resurget
953 3253 1056 3330 homo,
1078 3252 1175 3319 alium
1195 3276 1254 3338 pro
1277 3253 1340 3320 elio
1362 3275 1532 3341 resurgere.

306 3355 361 3414 Act
375 3354 415 3415 d:
437 3349 616 3415 Secundum
630 3355 662 3416 te
680 3356 785 3417 autam
806 3351 952 3418 fortiores
974 3357 1049 3416 sunt
1068 3353 1211 3419 homines
1233 3357 1301 3435 dec,
1323 3360 1354 3420 et
1374 3355 1534 3422 uidebitur

223 3447 302 3512 illud
325 3470 392 3514 esse
418 3449 611 3532 superfluum
639 3454 724 3535 quod
750 3451 890 3517 saluatur
915 3452 1005 3530 dixit,
1033 3455 1119 3536 quod
1144 3477 1178 3518 ea
1203 3479 1277 3537 quoe
1298 3460 1379 3536 opud
1399 3459 1534 3519 homines

223 3553 422 3630 impossibilia
442 3561 515 3614 aaut
533 3555 723 3642 apud'deum
738 3557 898 3632 possibilia
918 3563 998 3618 sum.

173 3649 207 3705 30
305 3653 381 3714 Mar.
402 3646 445 3713 dr
477 3648 642 3726 Quomodo
668 3651 813 3716 homines
839 3654 898 3716 deo
923 3652 1069 3717 fortiores
1091 3656 1263 3717 secundum
1289 3675 1339 3717 me
1365 3653 1534 3719 uidentur?

308 3752 362 3812 Ad.
384 3752 424 3813 ct:
451 3747 603 3814 Homines
628 3750 757 3834 propria
783 3751 976 3834 experientia
996 3752 1106 3817 uinum
1133 3773 1216 3835 equa
1242 3751 1376 3816 mixtum
1400 3757 1535 3835 possunt

226 3848 328 3913 denuo
351 3869 502 3931 separare,
525 3854 689 3933 argentum
704 3850 743 3915 ab
766 3872 836 3916 aare
852 3855 883 3916 et
904 3850 1005 3916 multa
1019 3849 1082 3914 alia
1103 3855 1220 3916 norunt
1234 3851 1416 3916 discernere.
1446 3851 1535 3918 Deus

313 4231 351 4287 la
369 4231 436 4287 Cod.
448 4231 630 4287 aestimantur
643 4232 648 4299 1
664 4233 729 4288 Cod.
742 4232 817 4288 cibos
832 4235 836 4302 Ι
853 4234 892 4289 14
908 4233 972 4288 Cod.
985 4232 1103 4290 hominis
1118 4235 1123 4302 1
1139 4233 1177 4289 25
1195 4232 1261 4287 Cod.
1274 4232 1399 4287 haurisae
1410 4250 1437 4285 ιι.
1450 4232 1537 4287 effun-

229 4315 318 4370 derat.
348 4315 446 4370 Solche
457 4315 573 4372 Forman
591 4315 652 4370 sind
670 4317 734 4371 aher
751 4333 814 4372 vom
827 4317 970 4372 Schreiber
987 4317 1093 4372 derHs.
1112 4335 1145 4372 zu
1163 4319 1298 4372 erwarteu
1315 4315 1357 4369 als
1375 4333 1429 4370 von
1448 4316 1535 4371 ciuem

230 4400 379 4454 Gelehrten
396 4399 448 4454 wie
465 4399 586 4454 Rufinus.
605 4401 673 4456 -B
693 4400 753 4468 127
773 4402 874 4472 autam]
893 4402 959 4458 Ood.
978 4404 1034 4457 aut.
1065 4401 1176 4472 Caspari
1200 4399 1297 4455 tndert
1316 4401 1374 4455 »aa
1394 4399 1423 4455 in
1443 4405 1536 4456 »sauz

232 4486 281 4538 aut
297 4483 422 4539 fortiores
524 4486 574 4538 aut
590 4482 740 4551 ridebitur,
765 4486 892 4541 bemerkt
909 4487 989 4542 aber:
1012 4487 1099 4542 Sollte
1119 4487 1175 4538 ›et‹
1199 4483 1302 4555 richtig
1319 4485 1388 4550 sein,
1412 4503 1442 4542 so
1460 4487 1539 4542 hara

230 4586 295 4623 man
319 4570 397 4623 »aut«
422 4585 472 4624 vor
496 4567 651 4624 »fortiores«
676 4587 708 4624 zu
730 4570 867 4625 streichen
889 4571 955 4625 oder
977 4573 1048 4625 nach
1071 4571 1133 4625 dem
1155 4585 1194 4638 gr.
1213 4569 1242 4624 T.
1260 4569 1313 4624 mit
1335 4571 1453 4627 »multo«
1474 4571 1540 4626 oder

233 4653 344 4708 »ualde«
364 4671 397 4708 zu
416 4656 545 4708 araetzeu.
564 4683 598 4692 -
610 4653 640 4708 B.

1279 4739 1330 4794 14*
