3744 5524
375 499 414 563 82
940 500 1130 556 Adamantius.
1278 504 1319 558 De
1335 503 1365 556 la
1381 502 1440 557 Rue
1457 501 1483 555 11
1499 501 1682 556 828ο-829α

459 667 580 754 ΕῩΤΡ.
623 657 820 749 Ἀνάγνωθα

459 766 526 830 ΑΔ.
568 756 804 850 Ἀναγιναόσκω
841 766 878 833 ἐκ
913 769 977 834 τοῦ
1012 763 1218 854 εὐαγγελίου·
1260 759 1602 852 συγκαλεσάμενος
1643 767 1684 830 δὲ

380 861 472 943 τούς
494 859 662 945 δώδεκα,
685 863 834 932 έδωκεν
850 859 989 946 αὐτοῖς
1003 863 1172 954 δύναμιν
1191 869 1256 933 καὶ
1275 867 1460 950 ἐξουσίαν
1474 865 1538 932 ἐπὶ
1552 859 1685 934 πάντα

379 957 428 1031 τά
450 957 638 1050 δαιμόνια
653 969 720 1032 καί
735 959 1149 1051 νόσουςθεραπεύειν,
1172 971 1237 1032 καὶ
1259 956 1495 1033 άπέστειλεν
1516 958 1682 1048 αὐτούςί

310 1072 361 1128 829
379 1057 592 1149 κηρύσσειν
622 1061 697 1151 τήν
725 1070 933 1147 βασιλείαν
964 1069 1036 1134 τοῦ
1065 1069 1163 1135 θεοῦ
1192 1069 1257 1133 καὶ
1287 1067 1433 1133 ίᾶσθαι.
1476 1067 1531 1130 καὶ
1556 1056 1687 1146 ῦποβάς

379 1155 449 1248 μετ’
473 1154 590 1249 όλίγον
612 1165 711 1250 λέγει·
742 1159 998 1250 ἐξερχόμενοι
1025 1169 1066 1234 δὲ
1094 1160 1309 1252 διήρχοντο
1331 1158 1435 1231 κατὰ
1456 1156 1597 1240 πόλεις
1618 1167 1686 1227 καὶ

376 1258 511 1348 κώμας
533 1255 884 1349 εὐαγγελιζόμενοι
905 1269 970 1331 καὶ
993 1261 1294 1350 θεραπεύοντες
1314 1264 1532 1346 πανταχοῦ.

458 1366 579 1430 ΕῩΤΡ.
615 1366 704 1445 Πῶς,
727 1367 853 1448 Μᾶρκε,
876 1361 958 1444 τοῦς
976 1367 1037 1450 μὲν
1059 1356 1315 1444 άποσταλέντας
1337 1355 1403 1430 ὐπὸ
1420 1364 1569 1447 Χριστοῦ
1591 1354 1686 1446 εὐαγ·

376 1467 573 1548 γελίσασθαι
598 1467 654 1529 καὶ
681 1467 821 1548 κηρῦξαι
843 1456 884 1530 οὐ
911 1467 1059 1549 δέχεσθε,
1090 1452 1130 1531 οῦ
1152 1463 1188 1530 δὲ
1210 1454 1395 1545 ἀποδείξεις
1423 1457 1467 1546 μή
1489 1463 1687 1546 προφέρετε.

327 1567 360 1620 10
377 1563 505 1630 τοῦτον
526 1563 679 1647 δέχεσθε;
701 1565 756 1628 καί
772 1567 959 1630 Ματθαῑον
979 1565 1041 1648 μὲν
1062 1566 1117 1629 καὶ
1131 1555 1303 1646 Ἰωάννην,
1326 1550 1378 1628 οόν
1398 1564 1455 1627 καὶ
1476 1556 1521 1628 τὰ
1535 1551 1688 1645 όνόματα

377 1653 636 1746 ἀναγέγραπται,
659 1663 887 1745 έκφαυλίξετε,
914 1655 974 1742 οῦς
993 1666 1050 1729 καί
1072 1654 1091 1730 ό
1115 1657 1263 1747 Χριστός
1284 1663 1424 1746 κηρῦξαι
1445 1662 1502 1725 καὶ
1524 1650 1687 1743 εὐαγγελί-

377 1767 499 1826 σασθαι
521 1751 707 1842 άπέστειλε,
739 1764 877 1829 Παῦλον
899 1763 947 1842 δέ,
979 1749 1019 1828 οῦ
1041 1755 1199 1848 οὐδεμίαν
1224 1753 1397 1843 άπόδειξιν
1418 1756 1524 1844 ἔχετε,
1556 1760 1686 1824 τοῦτον

378 1859 528 1974 δέχεσθεή
549 1863 604 1972 κάλ
626 1865 702 1940 πῶς
717 1854 758 1928 οὐ
778 1866 929 1946 γελοῑον;
951 1863 1024 1947 λέγε
1047 1857 1088 1948 δή
1111 1865 1231 1929 τοῦτο·
1259 1853 1424 1946 έκήρυξαν
1445 1860 1502 1924 καὶ
1523 1849 1688 1942 εὐηγγελί-

378 1976 483 2026 οαντο
506 1983 526 2043 η
551 1983 608 2040 ου;

328 2071 360 2124 15
461 2062 535 2124 MK.
579 2050 770 2145 Ἕκήρυξαν.

341 2162 360 2216 b
460 2159 581 2224 ΕΥΤΡ.
622 2151 817 2243 Ἐγγράφως
838 2153 1002 2245 ἐκήρυξαν
1023 2162 1079 2226 καί
1101 2151 1373 2244 εὐηγγελίσαντο,
1396 2149 1418 2241 ἢ
1441 2146 1618 2241 άγράφως;

463 2261 539 2324 ΜΚ.
583 2250 766 2342 Ἆγράφως.

460 2358 581 2422 ΕῩΤΡ.
623 2351 768 2444 Σφόδρα
794 2350 932 2444 ήλίθιον
962 2353 1043 2436 τοῦς
1076 2361 1138 2443 μὲν
1168 2349 1426 2435 ἀποσταλέντας
1461 2357 1601 2440 κηρῦξαι
1632 2357 1691 2420 καὶ

379 2447 666 2540 εὐαγγελίσασθαι,
690 2451 836 2537 τούτους
858 2448 1054 2543 <άγράφως>
1077 2460 1216 2542 κηρῦξαι
1231 2450 1383 2539 φάσκειν,
1407 2450 1471 2524 τόν
1493 2449 1587 2540 δὲμὴ
1607 2444 1692 2520 άπα-

328 2568 361 2622 20
378 2557 547 2623 σταλέντα
560 2557 700 2624 Παῦλον
722 2550 901 2644 ἐγγράφως
922 2557 1132 2642 δεδιδαχέναι
1153 2549 1305 2639 φάσκειν.
1342 2551 1431 2633 είκδς
1453 2543 1517 2622 οῦν
1538 2543 1594 2621 ότι
1616 2567 1692 2632 τοῖς

379 2647 458 2722 τότε
484 2648 593 2738 μόνον
619 2645 779 2724 άκοῦουσι
803 2653 868 2743 τήν
889 2660 1064 2743 σωτηρίαν
1091 2650 1289 2742 ἐκήρυσσον,
1324 2670 1397 2734 τοῖς
1419 2657 1455 2721 δὲ
1476 2647 1559 2738 μετά
1582 2655 1692 2718 ταῦτα

378 2744 535 2837 οὐδεμίαν
556 2751 693 2823 ἔννοιαν
713 2759 894 2842 παρέσχον·
927 2752 970 2823 τά
990 2752 1054 2842 γὰρ
1076 2747 1239 2842 άγράφως
1262 2748 1432 2840 λεγόμενα
1454 2747 1599 2822 παύεται
1618 2743 1691 2837 μετ’

378 2843 505 2938 όλίγον,
528 2845 590 2921 οὐκ
612 2855 734 2939 έχοντα
757 2853 822 2942 τήν
843 2847 1025 2938 άπόδειξιν.

460 2955 526 3018 ΑΔ.
559 2955 640 3032 Πῶς
658 2953 764 3022 δὲκαὶ
778 2950 843 3022 τόν
858 2949 1010 3041 Χριστόν
1023 2950 1099 3022 υίόν
1114 2957 1199 3022 θεοῦ
1213 2955 1341 3036 ίσασιν;
1363 2945 1691 3040 άποκρινάσθωσαν·

327 3061 360 3115 25
378 3053 406 3118 εί
427 3053 488 3137 μὲν
509 3047 575 3168 γάρ
596 3054 751 3137 δέχονται
778 3051 841 3122 τόν
867 3049 975 3140 νόμον
999 3058 1056 3121 καὶ
1082 3050 1164 3133 τοῦς
1190 3047 1374 3139 προφήτας
1397 3048 1479 3131 τούς
1500 3045 1690 3137 προκηρύσ-

346 3169 511 3230 ῡσοντας,
539 3175 576 3218 ευ
597 3145 640 3218 ἂν
663 3152 743 3237 ἔχοι·
771 3146 829 3221 ἀπ’
850 3155 991 3221 ἐκείνων
1013 3149 1075 3240 γάρ
1098 3149 1302 3241 έκηρόσοετο
1326 3142 1382 3220 ότι
1403 3153 1522 3236 μέλλοι
1544 3142 1564 3218 δ
1587 3145 1690 3235 λόγος

379 3251 442 3318 τοῦ
470 3251 554 3318 θεοῦ
583 3251 822 3340 ένανθρωπεῑν
852 3256 907 3320 καί
934 3257 1166 3339 σταυροῦσθαι
1192 3257 1248 3322 καὶ
1274 3248 1396 3336 σώζειν
1423 3246 1463 3318 τὸ
1491 3251 1589 3335 γένος
1616 3251 1691 3316 τῶν

379 3341 592 3434 άνθροόπων·
608 3352 637 3416 εί
651 3351 687 3418 δὲ
701 3347 746 3438 μὴ
761 3351 917 3438 δέχονται
931 3349 1012 3432 τούς
1026 3347 1329 3439 προκηρύσσοντας
1344 3353 1400 3417 καί
1413 3342 1689 3428 ῦποδεικνόντας,

379 3443 492 3516 πόθεν
513 3441 630 3528 αὐτοῖς
651 3454 781 3536 γνῶναι
803 3441 857 3520 ότι
880 3447 1028 3535 Χριστός
1048 3444 1171 3540 Ἰησοῦς
1192 3446 1264 3531 υίὸς
1286 3454 1372 3520 θεοῦ
1394 3451 1503 3531 ἐστιν,·

328 3559 362 3613 30
462 3553 583 3617 EYTP.
625 3543 743 3619 Πόθεν
764 3549 892 3638 ἔγνωτε
914 3541 969 3619 ότι
990 3547 1063 3631 υίὸς
1086 3554 1171 3620 θεοῦ
1192 3552 1300 3633 ἐστιν·

462 3653 538 3716 MK.
580 3642 660 3716 Ἀπό
683 3653 747 3718 τοῦ
768 3645 963 3737 εὐαγγελίου
983 3655 1040 3719 καί
1062 3653 1125 3720 τοῦ
1147 3642 1353 3721 άποστόλου.

463 3751 530 3816 ΑΔ.
574 3749 697 3818 Καίτοι
723 3750 760 3818 ἐν
786 3753 837 3836 τῷ
864 3743 1046 3837 εὐαγγελίῳ
1073 3743 1115 3819 οὐ
1142 3753 1228 3837 λέγει
1256 3742 1362 3818 αὐτόν
1387 3744 1464 3817 υίόν
1486 3751 1584 3828 θεοῦ,
1614 3736 1688 3813 ἄλλ’

380 3840 456 3914 υἱόν
478 3840 677 3934 άνθροόπου.

466 4331 550 4401 και]
569 4331 655 4388 μασι
669 4333 692 4398 1,
704 4331 729 4386 ν.
747 4361 780 4370 -
798 4329 857 4400 αι]
874 4329 920 4384 Lo.
933 4332 963 4386 ει
975 4331 1000 4386 ο.

468 4501 506 4556 18
523 4497 640 4572 δέχεσθε
659 4499 739 4565 ΟΒΗ,
762 4495 896 4570 δέχεσθαι
912 4497 1009 4568 Migno
1031 4501 1036 4568 1
1061 4499 1099 4556 19
1118 4496 1306 4570 ἀγράφως(
1321 4501 1348 4554 d,
1365 4499 1438 4554 HSS.
1472 4500 1532 4556 Nur
1552 4502 1603 4556 hat
1619 4501 1646 4556 H
1662 4517 1691 4555 ει

379 4585 410 4638 in
427 4603 482 4656 mg.
518 4586 609 4642 Schon
631 4601 687 4639 von
704 4583 818 4638 Πελίου.
836 4585 951 4652 ετρλυκί
973 4600 1023 4638 aus
1045 4583 1072 4639 d„
1090 4572 1185 4640 Ubers.
1203 4584 1251 4641 δεε
1269 4585 1325 4640 Pie.
1350 4586 1426 4640 »sine
1444 4584 1560 4654 sm'ptis
1579 4586 1691 4655 praedi·

384 4685 484 4738 οοεεει,
502 4669 558 4740 vgl.
576 4669 638 4726 Rus.
654 4671 659 4738 Ι
674 4667 803 4740 φάσκειν]
822 4663 940 4738 φάσκεις
956 4668 1084 4734 ABCFH,
1108 4669 1194 4737 »quod
1210 4670 1270 4724 αιἐι
1288 4671 1346 4728 Pie.
1362 4669 1424 4739 12⁰
1442 4668 1560 4742 φάσκεις
1577 4670 1604 4726 (λ
1620 4669 1692 4728 HSS.
