3744 5524
233 460 345 532 Caepari
362 461 388 514 11
406 478 429 516 c.
447 461 489 516 13.
507 463 548 516 14.
830 461 939 532 Dialog.
1501 469 1540 532 85

315 635 406 696 Marc.
427 633 470 694 d:
492 627 529 694 In
548 629 714 714 euangelio
741 631 817 695 dicit
832 628 988 696 Christus:
1014 635 1107 704 Quem
1128 654 1175 694 nae
1195 635 1376 695 decantasse
1397 635 1541 708 heminae,

233 733 334 810 filium
352 733 509 794 hominm?
544 734 658 794 Dicunt
676 735 704 794 ei
721 733 877 810 discipuli:
899 735 964 794 Ale'i
976 733 1141 794 Iohannem
1155 733 1322 811 baptistam,
1344 735 1399 794 alii
1413 734 1540 807 Helium,

233 833 288 892 alii
317 833 391 910 quia
415 833 558 910 propbeta
587 834 699 912 aliquae
728 834 873 911 antiquae
897 835 1036 894 surremit.
1078 834 1166 894 mea
1193 838 1292 894 catam
1317 833 1356 893 ad
1381 851 1442 894 aaa:
1483 833 1541 893 Uce

200 981 203 988 .
233 950 314 1006 aare,
336 950 425 1010 qaam
443 953 490 992 me
511 952 572 994 ease
593 934 715 994 emtis?
759 933 948 1010 Respondeas
969 935 1076 994 Patrae
1096 933 1184 992 dixit:
1210 933 1253 994 Pu
1274 952 1304 994 aa
1328 933 1473 996 canetae.

199 1033 216 1085 5
317 1033 372 1092 ml.
393 1032 433 1093 d:
462 1026 575 1093 Petrus
596 1027 731 1093 Iudaeus
753 1034 819 1093 erat
840 1032 873 1092 et
892 1029 998 1111 legem
1020 1028 1147 1094 sciebat
1183 1029 1264 1106 Quia
1284 1047 1358 1112 ergo
1381 1032 1541 1112 exspecta·

233 1129 288 1191 bat
316 1126 408 1192 illum
443 1127 498 1210 qui
528 1151 547 1192 a
576 1128 738 1212 prophetis
768 1128 1005 1211 praenuntiatus
1036 1127 1139 1192 fuerat
1173 1128 1345 1208 Christum,
1375 1132 1541 1211 propterea

234 1226 313 1291 dixit
333 1226 437 1310 ipsum
459 1249 526 1292 esse
549 1225 710 1293 Christum
731 1249 825 1310 quem
847 1227 989 1291 audierat
1011 1249 1078 1292 esse
1098 1232 1275 1293 uenturum.

316 1330 401 1390 datr.
423 1331 463 1390 d:
493 1326 606 1392 Petrus
633 1327 787 1412 numquid
817 1327 909 1410 quasi
937 1326 1005 1409 ipse
1035 1326 1065 1390 ei
1094 1348 1209 1392 nomen
1238 1329 1299 1392 boc
1321 1326 1486 1410 imponens
1510 1330 1541 1390 et

233 1425 396 1508 proprium
425 1425 555 1508 aliquod
585 1426 614 1490 ei
635 1427 826 1492 uocabulum
848 1427 1019 1505 ascribens,
1049 1425 1129 1491 dixit
1158 1426 1233 1510 quia
1263 1436 1295 1490 ta
1325 1449 1356 1490 aa
1381 1431 1541 1491 Otristae?

183 1533 217 1588 10
234 1523 296 1588 Sed
317 1524 443 1588 uidetur
463 1526 541 1590 mihi
563 1526 637 1609 quia
658 1525 719 1591 hoc
740 1547 811 1590 eum
833 1547 900 1591 esse
922 1525 1037 1590 dixerit
1058 1527 1144 1610 quod
1165 1525 1198 1588 in
1220 1526 1361 1592 omnium
1382 1527 1541 1610 exspecta·

233 1622 320 1688 tione
341 1624 522 1690 habebatur.
566 1623 637 1691 Hoc
658 1631 763 1690 autem
785 1623 860 1690 uolo
882 1649 901 1689 a
922 1629 954 1690 te
976 1625 1106 1690 discere:
1136 1624 1249 1690 Petrus
1271 1629 1318 1690 est
1340 1626 1395 1709 qui
1416 1625 1542 1708 scripsit

234 1723 455 1806 euangelium?
497 1725 541 1790 Et
563 1725 722 1810 quomodo
744 1723 869 1790 dicebas
892 1725 967 1808 quia
992 1725 1079 1789 nulla
1101 1725 1262 1790 doctrinae
1284 1747 1358 1790 suae
1380 1724 1541 1809 reliquerit

234 1822 447 1888 monimenta?

317 1927 465 1988 Marad:
495 1920 569 1988 Non
592 1923 706 1988 Petrus
727 1925 861 2007 scripsit,
884 1926 939 1988 sed
960 1923 1103 1988 Christus
1127 1923 1334 2007 euangelium.

184 2031 217 2085 15
319 2026 401 2087 maa.
422 2027 462 2087 d:
491 2021 620 2087 Falsum
642 2027 690 2088 est
712 2042 787 2107 ergo
810 2027 894 2108 quod
918 2023 1040 2107 legistis
1063 2027 1101 2088 de
1123 2022 1289 2107 euangelio
1311 2025 1397 2107 quod
1422 2023 1542 2088 miserit

234 2123 400 2185 duodecim
422 2122 593 2205 discipulos
615 2124 655 2186 ad
678 2122 967 2208 euangeiizandum.
1010 2121 1072 2187 Sed
1098 2123 1280 2188 omittamus
1306 2123 1392 2188 haec.
1434 2121 1541 2187 Habes

234 2219 355 2303 aliquid
385 2223 567 2286 documenti
598 2224 684 2306 quod
707 2221 824 2287 Paulus
850 2222 1011 2306 apostolus
1039 2222 1093 2300 sit,
1122 2226 1178 2286 aut
1208 2221 1283 2306 quia
1308 2221 1393 2286 filius
1424 2222 1475 2286 dei
1501 2223 1542 2286 sit

235 2317 397 2384 Christus?
433 2319 553 2396 Quodsi
574 2343 638 2387 non
658 2323 768 2400 habes,
790 2321 866 2386 satis
892 2342 967 2385 uera
988 2325 1062 2385 sunt
1084 2341 1164 2404 quae
1185 2320 1303 2404 allegat
1323 2322 1541 2386 Adamantius.

234 2416 282 2481 Ea
303 2420 386 2482 enim
408 2439 489 2502 quae
511 2421 665 2502 promissa
686 2425 760 2485 sunt
781 2421 857 2486 olim
879 2421 943 2498 uel,
973 2425 1142 2504 antequam
1167 2420 1290 2494 fierent,
1322 2420 1541 2502 praenuntiata

184 2527 219 2580 20
234 2517 446 2583 indubitatam
467 2518 563 2583 fidem
583 2520 747 2602 possident
769 2539 841 2584 cum
862 2517 1041 2602 implentur.

318 2639 342 2682 a.
365 2619 463 2688 xlv.
506 2623 561 2683 Ad.
582 2623 620 2682 d:
650 2616 750 2683 Hice
777 2617 934 2683 contrario
963 2619 1039 2684 dicit
1067 2616 1268 2703 peregrinum
1290 2639 1357 2683 esse
1384 2620 1541 2701 quendam

235 2714 395 2782 Christum
417 2723 448 2782 et
469 2717 667 2801 incognitum
689 2723 720 2783 et
741 2740 780 2783 ne
801 2722 938 2783 mentem
954 2718 1081 2801 quidem
1099 2739 1239 2801 unquam
1253 2717 1386 2782 alicuius
1400 2717 1540 2782 intrasse.

235 2815 297 2880 Sed
318 2817 481 2882 uideamus
513 2818 568 2901 qui
589 2819 692 2900 magis
719 2816 781 2880 fide
806 2815 921 2900 dignus
948 2822 1007 2898 est,
1037 2819 1097 2883 iste
1128 2839 1222 2902 quem
1247 2838 1340 2882 nemo
1367 2816 1470 2895 nouit,
1501 2838 1540 2879 an

233 2913 288 2980 ille
315 2915 369 3000 qui
391 2915 629 3000 praenuntiatus
652 2919 700 2980 est
720 2938 740 2979 a
759 2917 934 2999 prophetis;
971 2922 1096 2982 etcum
1121 2919 1160 2981 de
1186 2916 1255 2999 ipsc
1282 2915 1470 2988 constiterit,
1495 2915 1540 2978 ita

183 3021 217 3076 25
234 3017 361 3080 demum
382 3037 549 3098 possumus
571 3037 616 3092 ea,
638 3035 719 3098 quae
734 3017 772 3080 ab
789 3037 825 3080 eo
840 3015 1084 3099 praecipiuntur,
1106 3022 1256 3100 tanquam
1272 3015 1380 3079 diuina
1393 3017 1540 3079 mandata

233 3114 399 3198 suscipere.
442 3112 527 3178 Nam
549 3115 576 3178 si
598 3136 709 3198 neque,
731 3117 767 3176 ut
789 3114 910 3194 dicunt,
933 3115 1048 3199 aliquis
1070 3115 1183 3198 spiritu
1204 3115 1255 3180 dei
1276 3115 1413 3198 repletus
1435 3113 1544 3179 docuit

234 3235 286 3278 ecs
309 3219 347 3279 de
369 3214 446 3298 ipsc,
468 3235 571 3298 neque
593 3235 717 3279 rursum
738 3213 806 3298 ipse
828 3217 867 3278 de
888 3237 921 3280 se
944 3215 972 3280 si
993 3215 1064 3299 quis
1083 3216 1250 3297 praedicet,
1271 3214 1333 3278 fide
1354 3216 1469 3300 dignus
1488 3219 1543 3293 est,

233 3314 369 3378 maxime
391 3315 418 3378 si
440 3313 569 3398 ignotus
591 3313 632 3378 sit
647 3318 679 3379 et
692 3313 885 3399 peregrinus,
908 3318 1067 3398 quomodo
1084 3315 1112 3378 ei
1127 3314 1232 3379 dicent
1252 3335 1319 3378 esse
1335 3317 1543 3380 credendum?

235 3411 310 3477 Non
332 3411 414 3477 cuim
437 3411 568 3478 cuilibet
594 3417 626 3477 et
647 3419 682 3478 ut
703 3412 782 3478 libet
808 3414 925 3479 dicenti
948 3415 1080 3499 dignum
1104 3420 1151 3478 est
1173 3415 1311 3492 credere,
1342 3414 1479 3495 etiamsi,
1509 3417 1545 3477 ut

323 4291 343 4347 8
361 4289 427 4346 eod.
444 4290 568 4361 impones
586 4289 651 4354 boc,
675 4289 727 4344 mit
745 4290 793 4344 »b-
813 4289 881 4344 {lber
897 4288 1021 4360 impones
1038 4306 1065 4344 n.
1085 4307 1132 4344 aa«
1151 4290 1219 4344 dher
1237 4289 1297 4344 hoc.
1333 4289 1389 4345 Der
1405 4289 1549 4344 Schreiber

238 4375 288 4428 hat
305 4374 359 4430 den
376 4373 467 4430 Strieh
485 4375 553 4429 dber
571 4391 616 4428 »e«
636 4374 801 4444 vergessent
818 4373 854 4429 11
879 4391 912 4428 »a
927 4377 971 4428 te«
990 4373 1065 4428 steht
1086 4374 1155 4430 dber
1172 4373 1221 4428 der
1238 4373 1311 4430 Zeile
1328 4372 1386 4428 und
1402 4373 1474 4429 sieht
1492 4391 1548 4438 aus,

239 4458 280 4512 ala
297 4463 372 4514 ware
390 4475 418 4513 ea
437 4477 491 4515 von
508 4461 630 4528 spatcrer
647 4457 730 4512 Hand
747 4457 930 4527 hinaugetilgt
948 4458 952 4526 Ι
974 4457 1012 4512 12
1031 4457 1063 4512 ln
1082 4457 1207 4529 Caeparis
1224 4459 1295 4514 Text
1317 4459 1391 4514 steht
1415 4457 1549 4524 »nullae«,

239 4542 314 4600 wobl
336 4542 382 4600 cin
399 4541 587 4598 Druclesbler.
604 4541 679 4596 —B
703 4543 708 4610 Ι
732 4540 844 4612 Carpati
867 4543 1014 4597 vermutet:
1041 4541 1242 4612 »reliquerint«,
1261 4561 1301 4613 gr.
1320 4539 1429 4607 αὐτοὺς.
1447 4543 1522 4598 -Β
1544 4545 1548 4612 l

239 4627 278 4682 21
298 4626 358 4698 Hic]
377 4625 443 4682 Cod.
461 4626 491 4681 hi
506 4627 510 4694 Ι
526 4623 565 4682 26
583 4624 649 4680 cod.
668 4623 809 4695 possimus.
