3708 5528
389 519 429 581 34
934 508 1121 563 Adamantius.
1300 508 1386 563 Ποία
1403 508 1461 562 Rue
1478 509 1490 562 1
1507 507 1701 564 814d-815b.

394 691 505 760 τυχεῖν
520 677 582 760 τῆς
592 673 724 743 ἑαυτῶν
738 677 972 758 προαιρέσεως,
988 678 1043 741 καὶ
1059 672 1139 755 τοῦς
1155 667 1352 760 ύβρίσαντας
1362 667 1425 741 τόν
1440 676 1502 741 τοῦ
1516 676 1602 742 θεοῦ
1616 699 1700 758 προ·

391 769 504 861 φήτην
530 779 585 842 καὶ
607 768 814 842 τούναντίον
836 768 983 852 τούτους
1004 769 1261 860 θηριοβρώτους
1282 773 1451 858 γενέσθαι·
1483 771 1603 851 καθώς
1624 773 1699 841 ἐκο-

390 869 501 960 λάσθη
524 875 571 954 εἰς
590 869 710 960 κύριον
732 867 893 960 ἀσεβήσας
916 867 1044 954 Ἰούδας.
1079 865 1181 953 αύτὸς
1202 869 1265 957 γὰρ
1288 864 1307 941 ό
1328 868 1474 956 Χριστός
1495 865 1698 959 ἀπεφήνατο

357 1001 371 1039 ο
391 976 510 1059 λέγων·
533 966 622 1042 ούαὶ
644 978 700 1061 τῷ
725 967 929 1058 ἀνθρώπῳ
953 966 1004 1040 δι’
1026 961 1071 1041 οῦ
1093 964 1112 1040 ό
1134 968 1220 1052 υίὸς
1242 975 1314 1040 τοῦ
1336 965 1560 1056 ἀνθρώπου
1573 996 1700 1055 παρα-

356 1083 372 1134 5
392 1075 562 1142 δίδοται’
584 1077 774 1159 συμφέρει
796 1067 903 1160 αύτῷ
927 1076 960 1139 εί
973 1067 1022 1157 μὴ
1038 1065 1248 1158 ἐγεννήθη,
1271 1064 1292 1157 ἢ
1315 1075 1568 1157 γεννηθέντα
1588 1067 1698 1158 μύλῳ

391 1164 514 1258 ἀνικῷ
541 1176 820 1259 προστεθῆναι
846 1175 910 1241 καὶ
936 1174 1318 1256 καταποντισθῆναι
1343 1171 1386 1238 ἐν
1411 1173 1466 1257 τῷ
1490 1165 1605 1256 βάθει
1627 1174 1700 1256 τῆς

391 1265 600 1358 θαλάσσης.
637 1266 786 1360 εὑρήσεις
808 1274 920 1340 δὲκαὶ
942 1268 1024 1351 τούς
1044 1265 1225 1357 προφήτας
1246 1265 1412 1350 πολλάκις
1432 1267 1584 1350 πολλοῦς
1604 1263 1700 1356 ἐλεή-

392 1391 528 1451 σαντας·
560 1364 633 1440 ἀλλ’
665 1361 727 1440 οῦν
754 1376 871 1458 γεκαὶ
901 1367 1039 1455 νεκρούς
1065 1372 1265 1457 ἐγείραντας.
1307 1363 1395 1439 ἀλλά
1421 1374 1476 1438 καὶ
1504 1375 1700 1456 Σωμανῖτις

281 1477 286 1488 ’
392 1474 548 1556 δεηθεῖσα
574 1473 638 1538 τοῦ
659 1465 843 1558 προφήτου
872 1464 1037 1554 ἀπείληφε
1063 1464 1127 1537 τόν
1152 1462 1345 1556 τεθνηκότα
1367 1463 1471 1556 αύτῆς
1491 1463 1574 1538 υίόν.
1615 1463 1700 1538 ἀπο-

341 1575 373 1629 10
392 1573 557 1638 δέδεικται
588 1559 650 1638 ούν
681 1574 837 1654 φανερῶς
868 1565 944 1648 ἑνὸς
975 1572 1060 1638 θεοῦ
1095 1565 1176 1649 τούς
1205 1563 1385 1655 προφήτας
1415 1559 1519 1650 ὄντας
1547 1573 1603 1638 καὶ
1634 1564 1700 1638 τὸν

393 1662 557 1756 Χριστόν·
588 1666 635 1748 είς
662 1663 724 1754 γάρ
750 1663 814 1750 ὧν,
846 1658 887 1736 όν
916 1662 964 1748 ώς
991 1665 1089 1748 εἰδώς
1109 1667 1193 1755 ἔφης
1218 1661 1351 1754 ἀγαθόν
1375 1663 1483 1755 μόνον
1504 1665 1590 1738 εἶναι
1611 1671 1699 1753 <καί>

392 1762 463 1854 οῦχί
478 1771 534 1836 καὶ
551 1771 681 1836 δίκαιον
696 1769 724 1850 [ὁ
742 1769 888 1852 Χριστός],
911 1773 980 1836 τίνι
1001 1761 1093 1855 λόγῳ
1115 1763 1243 1837 κελεύει
1264 1765 1328 1838 τὸν
1349 1763 1475 1849 ἀδίκως
1489 1761 1701 1853 ἀσεβήσαντα

363 1862 516 1937 ίἸούδαν
538 1869 674 1947 δικαίοις
694 1867 740 1947 είς
762 1861 939 1936 θάλασσαν
961 1866 1156 1953 ῥίπτεσθαι;
1187 1864 1278 1954 οἶμαι
1300 1863 1362 1954 γάρ
1386 1864 1427 1936 τὸ
1450 1865 1532 1948 τοῦς
1553 1859 1701 1952 άμαρτά·

392 1992 519 2046 νοντας
539 1961 694 2050 κολάζειν
717 1971 849 2036 δικαίου
870 1965 1033 2035 εἶναικαὶ
1054 1961 1117 2036 οῦκ
1138 1961 1272 2052 ἀγαθοῦ
1293 1963 1381 2036 κατὰ
1401 1971 1445 2035 σέ.
1485 1960 1614 2052 ἀγαθὸς
1636 1962 1701 2051 γάρ

341 2075 374 2128 15
392 2056 443 2134 ὢν
463 2060 572 2150 μόνον
585 2069 640 2134 καί
658 2059 731 2151 ούχὶ
753 2070 809 2135 καί
830 2069 967 2146 δίκαιος,
991 2057 1119 2150 ὀφείλει
1133 2068 1259 2152 μηδένα
1273 2060 1439 2150 κολάζειν,
1461 2067 1490 2133 εί
1505 2069 1539 2133 δὲ
1554 2060 1700 2149 κολάζει,

394 2167 487 2234 ἔσται
507 2169 562 2232 καὶ
585 2168 722 2244 δίκαιος.
758 2169 897 2234 λεκτέον
919 2169 1108 2234 τοίνυνκαὶ
1129 2169 1248 2234 τοῦτο·
1271 2168 1376 2251 δῆλον
1398 2161 1461 2250 γάρ
1482 2156 1537 2234 ότι
1559 2167 1699 2244 δίκαιος.

394 2257 413 2334 ό
436 2259 648 2352 δημιουργός,
677 2258 775 2333 ούδὲν
797 2263 862 2350 εἶχε
883 2267 1018 2351 πρᾶγμα
1039 2258 1181 2333 κολάσαι
1207 2259 1270 2332 τὸν
1291 2257 1432 2344 Ἰούδαν,
1457 2268 1560 2351 μηδὲν
1587 2258 1699 2352 ήδικη·

229 2397 234 2406 ·
318 2373 370 2426 815
393 2367 493 2450 μένος
513 2357 592 2449 παρ’
615 2358 728 2432 αύτοῦ.
765 2357 838 2432 ἀλλ’
856 2357 934 2432 οῦδὲ
953 2357 1109 2444 διάβολος
1131 2356 1279 2450 ήδύνατο
1299 2367 1303 2448 Ι
1322 2357 1463 2432 κολάσαι
1478 2359 1542 2432 τὸν
1562 2356 1699 2443 Ἰούδαν,

393 2464 496 2549 μηδὲν
519 2456 575 2532 ἀπ’
599 2457 705 2532 αὐτοῦ
725 2470 872 2546 βλαβείς,
903 2466 1035 2547 μᾶλλον
1062 2467 1096 2532 δὲ
1120 2456 1324 2532 τούναντίον
1345 2467 1540 2549 βοηθηθείς·
1572 2453 1613 2530 όν
1634 2458 1699 2549 γάρ

343 2571 377 2626 20
395 2564 552 2647 ἐφοβεῖτο
566 2568 621 2631 καὶ
636 2557 727 2644 ἐβόα·
749 2567 788 2631 τί
809 2564 894 2650 ἐμοί
909 2567 974 2631 καὶ
989 2567 1066 2643 σοί;
1087 2550 1209 2647 ἦλθες
1230 2557 1306 2647 πρό
1328 2565 1469 2645 καιροῦ
1489 2565 1700 2644 βασανίσαι

393 2686 454 2746 με,·
475 2665 601 2730 τοῦτον
622 2658 762 2747 ἐθεώρει
779 2657 922 2750 θανάτῳ
945 2656 1185 2748 ὑποβληθέντα
1206 2655 1272 2730 ύπὸ
1293 2665 1356 2729 τοῦ
1377 2654 1490 2729 Ἰούδα.
1527 2656 1615 2741 εἰκὸς
1637 2651 1702 2730 οῦν

392 2755 476 2847 μήτε
498 2754 565 2828 ύπὸ
589 2765 651 2829 τοῦ
673 2754 807 2845 ἀγαθοῦ
830 2764 980 2846 Χριστοῦ
1006 2755 1209 2844 κολάζεσθαι
1232 2759 1294 2830 τὸν
1314 2754 1453 2840 Ἰούδαν,
1481 2752 1611 2845 ἀγαθὸς
1636 2757 1700 2846 γάρ

392 2854 557 2929 ούδέποτε
591 2854 732 2944 κολάζει.
776 2864 852 2929 τίνα
890 2865 1008 2929 τοίνυν
1043 2864 1115 2928 τών
1151 2866 1259 2945 τριῶν
1288 2856 1355 2946 φής
1384 2861 1600 2928 κεκολακέναι
1637 2855 1701 2928 τὸν

389 2952 531 3040 Ἰούδαν;
563 2962 727 3028 δέδεικται
754 2956 816 3046 γάρ
845 2952 900 3028 ότι
926 2953 978 3045 <ό>
1007 2962 1147 3040 δίκαιος,
1181 2950 1260 3029 ούτε
1288 2953 1459 3044 ἀδικηθείς
1489 2951 1606 3040 αύτός,
1638 2953 1701 3028 ούκ

339 3066 372 3120 25
390 3054 529 3128 ἐκόλασε
548 3062 650 3146 μηδὲν
665 3063 808 3142 βλαβείς·
831 3062 860 3127 εί
882 3064 916 3129 δέ
932 3053 1100 3140 ἐκόλασεν,
1122 3053 1251 3145 ἀνάγκη
1267 3053 1374 3126 αὐτὸν
1388 3053 1436 3138 ώς
1451 3057 1584 3126 ἔκδικον
1598 3084 1701 3126 κατα-

389 3152 519 3227 στάντα
544 3158 629 3227 εἰναι
654 3156 748 3244 παρὰ
775 3162 838 3227 τοῦ
865 3152 1099 3244 ἀδικηθέντος.
1141 3160 1169 3226 εί
1196 3162 1230 3227 δὲ
1254 3150 1273 3226 ό
1296 3153 1451 3240 διάβολος
1473 3151 1611 3227 ἐκόλασε
1633 3153 1698 3227 τόν

390 3251 529 3340 Ἰούδαν,
560 3256 654 3326 ἐσται
681 3261 809 3337 δίκαιος
834 3263 890 3326 καὶ
917 3252 958 3326 ού
983 3251 1099 3336 κακός·
1129 3250 1148 3326 ό
1176 3255 1238 3343 γάρ
1261 3263 1465 3342 κατακρίνας
1487 3252 1551 3327 τὸν
1573 3252 1699 3338 ἀδίκως

351 3351 585 3443 οπαραδόντα
608 3362 748 3436 δίκαιος·
780 3357 872 3426 ἐσται
895 3348 958 3426 οῦν
981 3361 1107 3437 δίκαιος
1128 3362 1183 3425 καὶ
1206 3351 1247 3426 ού
1268 3349 1425 3442 πονηρός.
1469 3360 1554 3425 εἰδὲ
1577 3350 1595 3426 ό
1620 3361 1699 3442 Χρι-

389 3452 469 3536 στός
490 3450 637 3538 ἐκόλασε,
660 3451 864 3526 τούναντίον
879 3462 941 3545 τῆς
957 3461 1016 3543 σής
1030 3453 1165 3542 γνώμης
1181 3456 1285 3524 ἐσται·
1308 3449 1439 3542 ἀγαθός
1453 3453 1515 3541 γάρ
1533 3451 1681 3525 ούδέποτ

337 3565 371 3619 30
388 3549 534 3640 κολάζει·
564 3559 594 3624 εί
615 3560 651 3625 δὲ
672 3551 824 3636 ἐκόλασε,
848 3561 975 3637 δίκαιος
997 3561 1053 3626 καὶ
1076 3549 1137 3624 ούκ
1159 3549 1289 3641 ἀγαθός
1310 3556 1410 3624 ἔσται.
1453 3552 1555 3625 ἀκουε
1578 3555 1619 3643 δή
1641 3561 1699 3624 καὶ

472 3705 553 3776 ι-ι]
573 3705 624 3760 Mt.
636 3707 684 3762 26:
698 3709 737 3772 ει,
757 3707 802 3762 18:
816 3709 840 3762 ο.
858 3739 890 3746 -
912 3673 938 3776 ι]
955 3706 1055 3760 εσσε.
1068 3707 1097 3776 41:
1111 3707 1217 3763 ιτ-ει.
1236 3737 1268 3744 -
1287 3705 1337 3775 ιο]
1356 3707 1406 3760 ιιι.
1419 3707 1447 3762 ε;
1461 3708 1501 3762 το.

473 3821 490 3875 8
510 3813 570 3876 ἀλλ’
583 3815 633 3877 σίν
644 3843 677 3894 γε
690 3825 738 3878 καὶ
751 3823 929 3890 ABCDEGH,
950 3819 1021 3879 ἀλλὰ
1039 3823 1087 3878 καί
1106 3816 1156 3878 οῦν
1175 3841 1206 3892 γε
1218 3822 1244 3875 d.
1257 3825 1359 3893 Ausgg.
1374 3825 1378 3892 1
1396 3826 1431 3879 ll
1452 3826 1500 3878 καὶ
1518 3842 1567 3880 νοτ
1585 3821 1647 3894 οίιγί
1664 3835 1698 3882 <

387 3905 412 3961 d.
432 3905 501 3959 HSS.
533 3905 587 3975 Vgl
614 3908 704 3977 einige
721 3909 747 3961 Z.
767 3911 863 3963 unben:
888 3907 1000 3979 ἀγαθὸς
1019 3947 1105 3963 .....
1123 3909 1172 3962 καί
1190 3904 1253 3976 οὐχὶ
1269 3909 1318 3961 καί
1338 3910 1463 3977 δίκαιοςΙ
1481 3910 1518 3964 12
1538 3905 1554 3962 δ
1573 3905 1698 3980 Χριστός

386 3990 423 4044 ist
441 3990 501 4046 eine
519 3990 701 4062 Randglosse,
730 3993 781 4047 wie
804 3995 874 4048 oben
891 3989 1048 4058 Ἐλισσαῖος
1072 3993 1076 4060 Ι
1101 3993 1140 4048 14
1162 3990 1303 4062 κολάζειν]
1321 3995 1448 4062 κομίζειν
1466 3992 1538 4048 F¹H¹
1561 3993 1566 4062 Ι
1589 3991 1698 4048 δικαίου

387 4116 534 4130 ........
553 4073 676 4146 ἀγαθοῦ]
700 4079 824 4143 δικαίους
845 4095 871 4132 ιι.
890 4075 1021 4146 ἀγαθοὺς
1043 4078 1068 4131 δ.
1086 4078 1171 4140 HSS.,
1194 4079 1224 4131 in
1241 4077 1267 4130 Η
1287 4079 1324 4131 ist
1345 4078 1374 4131 in
1392 4078 1491 4133 beiden
1510 4077 1626 4132 Νοτίου
1649 4075 1697 4128 der

386 4161 497 4214 Buchst.
513 4181 555 4226 ιςι
571 4163 734 4230 gestriehen,
748 4163 767 4217 C
780 4163 810 4216 in
823 4180 876 4232 mg.
889 4161 963 4232 τάχα
976 4163 1085 4218 δικαίου
1097 4181 1122 4216 u.
1135 4161 1257 4231 ἀγαθοῦ,
1270 4179 1300 4216 so
1312 4163 1382 4216 auch
1395 4163 1452 4218 Pie.
1463 4163 1523 4217 Per.
1536 4191 1569 4202 -
1583 4161 1694 4216 Wettst.

385 4244 480 4300 wollte
499 4245 551 4300 den
566 4247 655 4301 Geni&
668 4246 743 4301 lesen
763 4247 829 4315 odet
845 4253 884 4319 τῷ
904 4287 1010 4302 ......
1029 4245 1159 4314 κολάζειν
1174 4250 1178 4314 Ι
1196 4249 1234 4302 16
1253 4241 1297 4302 ὅτι
1314 4247 1422 4312 δίκαιος
1439 4267 1464 4302 v.
1478 4247 1582 4301 Lomm.
1600 4263 1695 4314 ausge-

385 4329 475 4384 lassen
491 4333 495 4398 1
511 4331 548 4386 21
569 4327 634 4401 ὑπὸ]
653 4329 711 4386 ἀπδ
723 4333 784 4386 ΑΒι
800 4335 803 4399 Ι
820 4332 860 4386 24
879 4327 923 4386 ἱίτι
937 4329 963 4399 ὁ]
983 4327 1027 4386 ὅτι
1040 4331 1159 4399 Wettet„
1178 4331 1203 4386 H
1219 4331 1248 4385 in
1261 4349 1324 4402 mg„
1343 4328 1391 4387 ὅτε
1404 4333 1430 4386 d.
1447 4331 1516 4385 HSS.
1532 4335 1536 4399 Ι
1554 4332 1592 4388 28
1605 4349 1695 4401 παρα-

386 4415 470 4470 δόντα
483 4415 595 4471 Wettst.
607 4417 663 4470 Ρὶα
676 4417 790 4482 Humfr.,
808 4414 1010 4488 παραδοθέντα
1030 4417 1056 4472 d.
1068 4416 1139 4471 HSS.
1155 4418 1159 4482 Ι
1176 4417 1216 4472 80
1233 4417 1340 4481 δίκαιος
1352 4417 1401 4472 καί
1414 4414 1466 4471 οὐκ
1479 4413 1591 4486 ἀγαθδς
1607 4409 1692 4484 ἐσται]

385 4501 498 4566 δικαίοις
514 4503 564 4556 καί
581 4500 615 4556 οὐ
631 4498 731 4566 καθὼς
748 4501 856 4565 δίκαιος
874 4494 953 4556 ἐσται
972 4500 1016 4555 die
1034 4503 1137 4570 Ausgg.
1154 4519 1181 4554 u.
1200 4499 1270 4552 HSS.
1289 4517 1399 4569 ausgen.
1420 4501 1496 4565 CFH,
1514 4500 1628 4565 δικαίαις
1645 4501 1694 4553 καί

386 4583 438 4640 οῦκ
456 4581 691 4656 ἀγαθόςδίκαιος
709 4580 787 4641 ἐσται
800 4585 828 4651 C,
847 4587 962 4650 δικαίοις
978 4587 1027 4640 καὶ
1044 4582 1096 4640 οῦκ
1114 4582 1232 4654 ἀγαθῶς
1249 4586 1357 4648 δίκαιος
1375 4579 1452 4640 ἐσται
1469 4585 1525 4639 FH.
1544 4584 1612 4638 Pic.:
1633 4601 1695 4652 »per

387 4671 524 4724 iustitiam
539 4688 593 4723 ιιοο
606 4689 656 4740 μιν
667 4671 716 4722 δοα
722 4670 813 4724 itatem
830 4671 921 4723 ιἰιεῖαε
932 4669 1010 4735 erit«,
1023 4671 1083 4725 Per.
1096 4687 1166 4723 »σου
1176 4669 1238 4723 bene
1250 4671 1338 4722 ιἰιείιιο
1347 4671 1414 4722 ml«
1432 4672 1436 4736 Ι
1452 4671 1482 4737 δή
1494 4669 1548 4732 FH,
1560 4669 1591 4724 δέ
1601 4668 1627 4722 d.
1636 4668 1694 4722 θίγε.
