3744 5524
227 469 339 540 Gaepnri
355 469 382 523 Π
400 486 422 525 c.
441 470 482 525 19.
822 471 930 542 Dialog.
1473 473 1532 534 105

224 643 367 720 yetixaoc't
385 661 490 720 ponem
510 643 559 702 tote
586 645 639 720 qno'
660 643 744 720 loono
764 649 790 704 et
815 643 863 704 on
889 645 945 722 qni
964 661 1069 721 prope,
1096 643 1168 720 quio
1189 661 1245 720 per
1267 641 1369 719 oneum
1390 639 1533 700 octonos

226 760 375 803 mnenon
396 742 515 820 otiique
536 743 570 802 in
590 761 654 802 nno
675 743 785 820 spirito
805 744 844 804 od
858 749 984 821 petrem.
1019 739 1128 822 Aquo
1144 755 1219 822 ergo
1234 759 1291 802 nos
1305 736 1401 821 longe
1416 757 1533 813 eumue,

226 837 335 904 ludaei
356 841 461 901 autem
482 841 599 920 prope?
635 835 802 923 Numquid
826 861 891 904 non
917 840 956 904 ab
977 839 1039 904 isto
1060 841 1171 923 ignoto
1193 840 1272 901 deo?
1308 835 1353 901 Et
1374 837 1532 920 quomodo

226 937 335 1004 ludaei
355 958 454 1020 prope
472 937 576 1020 ipsum
598 959 665 1002 esse
684 937 832 1003 dicuntur
853 960 947 1023 quem
968 938 1088 1022 utique,
1109 935 1255 1002 similiter
1274 941 1312 1000 ut
1331 957 1396 1014 nos,
1420 939 1451 1000 et
1471 935 1534 1018 ipsi

194 1035 416 1123 bignounbent
442 1040 473 1100 et
500 1057 594 1120 quem
620 1059 660 1102 ne
686 1037 853 1102 audierunt
874 1039 1002 1123 quidem
1023 1060 1175 1123 unquam,
1203 1037 1319 1121 quippe
1342 1033 1533 1100 eumalium

227 1138 375 1216 colerent,
397 1141 433 1201 ut
452 1135 507 1200 isti
528 1135 643 1214 dicunt,
664 1135 757 1201 illum
779 1138 834 1220 qui
854 1143 935 1203 esset
955 1127 1129 1204 contronius
1150 1140 1233 1202 bono
1249 1139 1327 1200 deo?
1355 1134 1443 1199 Dicit
1458 1152 1532 1218 ergo

227 1239 302 1322 quin
316 1241 374 1302 Per
394 1242 493 1318 cocum
513 1241 655 1301 mennon
676 1259 832 1316 aeneum,
854 1238 964 1322 utique
985 1242 1025 1302 od
1038 1249 1163 1319 patrem.
1202 1235 1255 1300 Ad
1276 1256 1370 1318 quem
1390 1237 1533 1318 patrem?

226 1335 393 1420 Numquid
417 1358 482 1401 uon
508 1334 708 1400 manifestum
735 1340 783 1401 est
812 1337 888 1420 quia
914 1341 954 1402 ed
980 1360 1052 1402 eum
1079 1336 1133 1421 qui
1159 1335 1279 1401 creauit
1303 1338 1382 1399 nos?
1418 1333 1480 1399 Sed
1502 1335 1534 1396 et

228 1436 327 1516 uliud,
353 1435 405 1502 cui
426 1434 600 1524 contradici
621 1457 685 1500 non
706 1438 819 1519 potest,
846 1459 884 1501 ex
904 1437 974 1520 ipso
997 1435 1142 1519 apostolo
1163 1434 1322 1519 proferam
1345 1436 1431 1518 quod
1452 1455 1533 1497 unus

178 1542 211 1597 10
228 1537 269 1601 sit
294 1535 434 1602 omnium
461 1536 550 1614 deus,
578 1534 633 1618 qui
659 1539 691 1599 et
714 1540 834 1600 creator
860 1541 907 1601 est
929 1537 1165 1622 uniuersorum
1191 1521 1301 1618 quiet
1323 1533 1409 1599 solus
1431 1535 1533 1597 bonus

228 1639 259 1702 et
288 1637 390 1701 iustus
422 1638 481 1714 est,
512 1633 601 1698 euius
631 1638 663 1698 et
691 1638 828 1700 mundus
859 1640 907 1700 cst
933 1641 964 1701 et
989 1637 1095 1701 omnin
1121 1657 1202 1718 quae
1228 1634 1261 1698 in
1287 1653 1324 1698 eo
1355 1636 1436 1698 eunt.
1478 1631 1535 1695 Ait

227 1757 363 1820 nemque
389 1733 522 1799 Paulus:
557 1737 644 1797 Uonc
669 1739 741 1800 deoc
766 1746 793 1800 et
811 1747 897 1817 poter
918 1741 1069 1815 mnndum,
1095 1734 1162 1819 (qui
1186 1757 1276 1816 suaper
1297 1755 1411 1810 omnes,
1437 1742 1464 1796 et
1478 1754 1534 1812 per

228 1833 342 1917 omnes)
372 1843 400 1898 et
423 1838 459 1897 in
484 1838 623 1898 nonum
649 1839 743 1898 nobie.
785 1832 880 1898 Pater
906 1854 981 1919 ergo
1008 1834 1150 1899 omnium
1177 1836 1253 1897 deus
1280 1836 1335 1897 est.
1378 1830 1455 1908 Quis
1474 1831 1534 1894 isto

228 1938 325 2000 deus?
362 1932 542 1998 Secundum
568 1955 625 1998 uos
655 1933 819 2016 putabitur
848 1935 908 1999 iste
935 1956 1028 2018 quem
1055 1934 1133 1999 dicis
1158 1933 1317 2018 ignotum,
1348 1932 1404 2015 qui
1432 1951 1534 2013 neque

178 2037 210 2094 lb
228 2033 348 2100 creauit
379 2031 517 2116 aliquem
547 2036 702 2112 nostrum,
732 2055 834 2116 neque
866 2034 986 2119 aliquid
1016 2035 1156 2099 facturae
1188 2054 1262 2098 sune
1292 2030 1387 2096 hebet
1416 2030 1449 2094 in
1474 2030 1535 2094 hoc

227 2136 355 2199 mundo,
390 2131 433 2197 Et
455 2131 545 2196 cuius
568 2130 627 2197 erit
647 2137 755 2216 peter?
791 2130 866 2198 Non
888 2134 971 2198 enim
986 2135 1092 2216 potest
1112 2129 1188 2198 fieui'
1202 2135 1239 2197 ut
1263 2131 1322 2196 filii
1343 2131 1440 2195 simus
1467 2130 1534 2194 eius

229 2234 284 2318 qui
305 2255 364 2298 nos
385 2254 450 2296 non
472 2231 590 2316 genuit,
611 2232 686 2315 quie
708 2237 739 2297 et
759 2235 912 2316 prophete
927 2233 972 2298 sic
991 2233 1079 2298 dicit:
1100 2237 1209 2298 Nonne
1229 2236 1301 2296 oens
1321 2254 1404 2295 noue
1425 2234 1535 2294 nonnil

227 2356 284 2398 noe
304 2343 331 2397 et
346 2341 434 2413 paor
454 2337 593 2396 omnium
614 2337 722 2396 none?

310 2438 401 2497 More.
415 2435 454 2497 d:
477 2430 679 2496 Credentium
699 2435 789 2515 peter
810 2434 857 2496 est
878 2431 980 2497 bonus
1003 2436 1091 2513 deus,
1119 2431 1196 2497 dicit
1218 2430 1301 2496 enim
1319 2428 1437 2494 Paulus
1460 2428 1534 2511 quia

177 2539 212 2595 20
227 2538 263 2597 o'n
284 2537 440 2613 adoptione
460 2535 561 2595 uocati
581 2553 696 2594 nonne.
1472 2595 1474 2600 ,

312 2637 397 2695 Entr.
412 2636 451 2694 d:
472 2629 585 2708 diues,
612 2629 730 2710 Marce,
757 2630 858 2695 n'dere
885 2653 994 2696 omnes
1022 2631 1179 2696 auditores
1201 2632 1239 2694 de
1262 2632 1409 2710 [imperitia
1427 2636 1478 2688 tue
1495 2628 1532 2707 et]

229 2730 424 2797 contentiose
448 2728 607 2812 imperitia
633 2733 695 2794 tue.
737 2729 812 2796 Non
839 2730 922 2795 enim
949 2729 1029 2794 dixit
1054 2729 1216 2813 apostolus
1247 2729 1322 2814 quin
1343 2750 1424 2793 unus
1445 2732 1535 2810 peter

229 2830 380 2910 fidelium,
399 2832 454 2896 sed
475 2851 558 2893 nnuc
579 2834 660 2909 done,
675 2840 762 2911 poter
782 2829 928 2909 omnimo,
950 2835 1005 2912 qni
1023 2839 1065 2894 cet
1086 2851 1176 2911 cuper
1197 2851 1300 2894 omnes
1314 2838 1340 2893 ct
1356 2852 1411 2909 por
1433 2851 1536 2892 omnes

229 2943 256 2996 et
275 2937 310 2996 o‘n
331 2935 471 2995 omnibns
490 2933 586 2993 nobie.

178 3039 211 3092 25
311 3037 401 3096 Mero.
423 3035 461 3094 d:
493 3027 555 3093 Sed
582 3029 663 3092 dixit
692 3029 767 3111 quia
791 3029 825 3093 in
852 3029 1020 3112 adoptione
1046 3049 1104 3094 nos
1130 3026 1309 3109 susciperet
1351 3027 1533 3111 Aliquando

228 3131 338 3196 uidisti
361 3129 436 3214 quia
456 3127 571 3213 aliquis
593 3129 736 3211 proprios
759 3128 842 3194 filios
864 3131 1015 3212 adoptet?

310 3235 365 3295 Ad.
387 3233 427 3293 d:
457 3226 527 3292 Erit
549 3246 624 3312 ergo
645 3227 747 3294 melus
775 3229 830 3312 qui
851 3228 970 3294 alienos
992 3227 1076 3292 filios
1101 3226 1203 3292 aufert
1229 3226 1269 3291 eb
1295 3227 1409 3307 inuito,
1432 3229 1535 3293 bonus

228 3351 302 3394 uero
329 3327 385 3394 ille
414 3327 470 3412 qui
493 3326 639 3410 indulget
666 3333 698 3393 et
724 3329 813 3395 cedit.
855 3327 974 3392 'lamen
1001 3327 1076 3411 quin
1098 3325 1214 3391 Paulus
1240 3330 1414 3391 'creatorem
1441 3329 1535 3391 deum

226 3430 387 3513 praedicnt
408 3426 528 3511 absque
550 3427 615 3492 ulla
637 3427 884 3493 contradictione
906 3431 1108 3506 monstretur,
1130 3447 1204 3491 cum
1223 3426 1312 3491 dicit:
1333 3429 1417 3490 Dono
1437 3435 1536 3491 aomo

177 3539 212 3594 30
227 3533 402 3611 temperanti
421 3549 539 3608 corone,
566 3533 616 3592 eui
636 3531 744 3608 dont,
769 3531 945 3608 ampliorem
974 3530 1126 3590 ulmodo
1152 3531 1301 3590 honorem.
1343 3523 1386 3589 Et
1407 3525 1534 3589 iterum:

315 4304 333 4360 8
356 4304 420 4374 non]
445 4304 511 4360 coc
533 4321 606 4360 nam.
641 4305 682 4358 Im
704 4303 772 4359 Stilo
794 4305 878 4361 Rul.'e
905 4307 981 4374 ponet
1009 4320 1095 4358 »uon«
1120 4303 1219 4359 beseer.
1254 4303 1318 4375 vgl.
1337 4305 1364 4360 Z.
1381 4306 1406 4361 8.
1428 4333 1462 4344 -
1480 4306 1502 4360 Β
1529 4306 1533 4373 Ι

231 4387 317 4455 12118
338 4387 401 4458 »qui
412 4418 445 4428 —
457 4406 505 4460 per
517 4405 626 4444 omnes«
645 4387 716 4443 fehlt
727 4389 757 4444 in
769 4389 823 4444 den
834 4407 874 4458 gr.
886 4387 957 4444 HSS.
975 4419 1009 4428 —
1020 4389 1044 4444 B
1059 4387 1120 4457 1'14
1138 4387 1204 4445 eod.
1216 4387 1328 4458 ignotus
1344 4389 1348 4457 Ι
1365 4390 1400 4445 le
1419 4388 1534 4445 »habet«

230 4475 304 4528 steht
321 4489 366 4528 cm
383 4472 480 4529 Raude
497 4473 550 4527 mit
568 4471 630 4527 dem
642 4472 759 4528 Zeichen
776 4473 825 4528 der
838 4472 1016 4544 Auelesnnng,
1035 4473 1084 4528 das
1102 4474 1174 4530 euch
1190 4472 1230 4527 im
1246 4471 1277 4527 T.
1296 4475 1369 4529 noch
1386 4491 1451 4529 snae
1469 4475 1535 4544 (oue)

230 4558 303 4613 steht
317 4558 322 4627 Ι
338 4558 376 4614 21
391 4557 483 4627 Uides]
497 4557 562 4614 God.
574 4556 685 4624 uideris,
702 4576 742 4627 gr.
755 4553 832 4633 ὁρᾷς.
850 4558 919 4613 -Β
935 4559 938 4626 Ι
955 4559 994 4614 22
1015 4557 1168 4628 »imperitia
1185 4561 1234 4613 tua
1246 4561 1289 4614 et«
1309 4557 1345 4613 ist
1356 4558 1431 4614 wohl
1449 4558 1537 4614 sicher

230 4661 264 4697 zu
280 4642 377 4714 tilgeu.
395 4671 428 4682 —
445 4641 542 4710 3125
560 4641 733 4713 susceperit?
751 4641 889 4714 suscepit?
908 4661 947 4714 gr.
966 4640 1139 4713 ἐλήφθημεν.
