3744 5524
367 515 406 578 66
925 506 1114 562 Adamantius.
1267 508 1306 563 De
1323 508 1352 563 15
1369 509 1427 564 Rue
1444 509 1469 562 11
1486 509 1669 566 8235-8245

367 669 448 752 τοῦς
463 665 714 756 ἀπειθήσαντας
737 664 843 758 αὐτῷ·
866 663 886 739 ά
901 676 937 741 δὲ
952 668 1161 761 δημιουργός,
1186 671 1265 751 τοῦς
1279 669 1523 753 πιστεύσαντας
1538 670 1667 758 σῶςων.

333 769 448 851 ετοῦς
469 763 690 857 ἀμαρτωλοῦς
712 773 817 854 κρίνει
839 776 952 839 τεκαὶ
974 766 1118 856 κολάζει.

451 873 515 936 ΑΔ.
556 862 609 948 Ὡς
631 858 693 938 οῦν
715 864 791 956 φής,
814 861 832 937 ὁ
856 863 984 956 ἀγαθὸς
1007 865 1129 941 οῦδένα
1149 877 1271 957 κρίνεις

451 975 525 1036 MK.
570 962 625 1036 Οῦ.

333 1079 349 1132 5
451 1073 517 1136 ΑΔ.
559 1061 633 1136 Ἐὰν
660 1071 758 1151 δείξω
787 1066 849 1138 τὸν
872 1063 1005 1155 ἀγαθὸν
1026 1073 1202 1156 κρίνοντα,
1234 1077 1339 1157 πείθῃ
1367 1062 1422 1140 ὅτι
1444 1067 1489 1150 είς
1511 1068 1592 1151 θεὸς
1614 1075 1668 1139 καὶ

368 1164 430 1239 οῦκ
450 1170 542 1238 ἐστιν
563 1164 683 1250 ἄλλος

349 1329 353 1340 ,
450 1274 525 1339 ΜΚ.
571 1262 618 1335 Οῦ
639 1265 805 1348 δεικνύεις.

450 1372 516 1436 ΑΔ.
541 1362 593 1454 Τῷ
615 1361 800 1452 ἀποστῦλῳ
823 1372 941 1451 πείθη;

298 1483 349 1538 824
450 1473 524 1536 MK.
572 1470 624 1553 Τῷ
646 1469 716 1554 ἐμῷ
739 1461 959 1555 ἀποστολικῷ
979 1475 984 1549 1
1003 1472 1173 1555 πείθομω.

316 1579 349 1633 10
375 1660 385 1687 ί
449 1572 515 1635 ΑΔ.
547 1559 632 1651 'Exco
648 1562 689 1634 τὸ
710 1560 941 1686 ἀποστολικήν
955 1586 1017 1635 σου
1030 1571 1086 1636 καὶ
1100 1562 1324 1654 ἀναγινώσκω
1347 1571 1519 1654 λέγοντος·
1543 1585 1671 1654 κρινεῖ

367 1765 430 1836 δια
449 1761 570 1853 >ίησοῦ
593 1769 775 1849 Χριστοῦ.

449 1869 569 1933 ΕΥΤΡ.
610 1860 652 1932 Τὸ
668 1868 729 1950 τῆς
742 1870 885 1950 κρίσεως
906 1855 1015 1952 ὄνομα
1030 1864 1145 1947 είπῶν,
1169 1871 1242 1936 τῶν
1264 1861 1408 1953 ἀγαθῶν
1424 1891 1461 1934 τε
1481 1871 1537 1934 καί
1552 1871 1669 1935 κακῶν

366 1969 518 2052 ἐμφαίνει
543 1968 599 2032 καί
621 1961 685 2032 τὸν
706 1957 780 2033 κατ’
803 1958 901 2046 ἀξίαν
923 1959 1040 2034 αὐτῶν
1059 1960 1193 2053 μισθδν,
1215 1969 1399 2052 καταδίκην
1421 1969 1457 2034 δέ
1478 1973 1552 2035 τῶν
1567 1992 1669 2052 πονη-

316 2081 347 2133 15
366 2072 439 2153 ρῶν
460 2091 497 2133 τε
518 2067 574 2131 καὶ
596 2057 734 2144 ἀσεβῶν.
776 2067 882 2150 δῆλον
905 2055 959 2133 ὅτι
980 2070 1036 2132 καί
1058 2059 1079 2151 ἦ
1101 2063 1188 2134 κατὰ
1211 2061 1251 2133 τὸ
1273 2059 1469 2151 εῦαγγέλιον
1491 2062 1545 2134 διά
1567 2059 1669 2152 ’ίησοῦ

368 2166 516 2251 Χριστοῦ
546 2165 702 2249 γινομένη
737 2166 857 2249 κρίσις,
894 2157 936 2231 δι’
967 2153 1006 2250 ής
1038 2169 1094 2233 καί
1128 2162 1171 2233 τά
1201 2163 1333 2250 κρυπτά
1364 2171 1438 2234 τῶν
1469 2159 1670 2251 ἀνθρώπων

366 2258 603 2350 ἐλεγχθήσεται
622 2257 698 2330 κατ’
721 2257 827 2346 ἀξίαν,
855 2260 1067 2352 δικαιοσύνης
1093 2292 1130 2333 τε
1156 2269 1211 2333 καὶ
1238 2259 1367 2345 ἀδικίας
1396 2259 1575 2350 ποιήσεται
1604 2261 1669 2349 τήν

367 2355 604 2432 ἀνταπόδοσιν.

451 2466 518 2531 ΑΔ.
557 2455 674 2532 Ἄκουε
697 2465 759 2531 τοῦ
782 2457 887 2533 αῦτοῦ
909 2457 1105 2533 ἀποστόλου
1126 2467 1299 2549 λέγοντος·
1332 2462 1407 2549 ἐγώ
1429 2466 1498 2550 μὲν
1524 2460 1595 2548 γάρ
1618 2457 1670 2543 ῶς

316 2575 350 2630 20
368 2557 483 2632 ἀπῶν
505 2563 561 2647 τῷ
584 2558 751 2648 σῶματι,
782 2562 921 2647 παρών
944 2567 984 2630 δὲ
1011 2567 1066 2650 τῷ
1093 2561 1303 2651 πνεύματι,
1335 2556 1408 2649 ήδη
1433 2565 1596 2647 κέκρικα
1618 2556 1670 2641 ῶς

332 2661 507 2747 λιπαρῶν
529 2656 601 2729 τὸν
622 2651 729 2729 οῦτιο
745 2666 869 2732 τοῦτο
891 2657 1256 2749 κατεργασάμενον,
1280 2665 1393 2747 ἐντῶ
1416 2655 1584 2748 ὀνόματι
1600 2666 1670 2729 τοῦ

366 2766 504 2847 κυρίου
535 2755 646 2847 ἡμῶν
675 2754 798 2848 ’ίησοῦ
830 2766 1020 2847 Χριστοῦ,
1052 2766 1337 2848 συναχθέντων
1367 2755 1476 2847 ῦμῶν
1504 2765 1569 2828 καὶ
1600 2765 1671 2828 τοῦ

367 2865 462 2948 ἐμοῦ
492 2856 735 2948 πνεύματος,
767 2858 836 2929 σῦν
867 2867 913 2948 τῇ
941 2857 1104 2948 δυνάμει
1131 2865 1203 2929 τοῦ
1228 2865 1369 2946 κυρίου
1399 2856 1509 2948 ήμῶν
1535 2856 1669 2947 Ἰησοῦ,

368 2962 617 3046 παραδοῦναι
639 2957 712 3028 τὸν
735 2965 925 3030 τοιοῦτον
948 2966 1004 3047 τῶ
1020 2964 1254 3050 Σατανᾷείς
1277 2952 1460 3047 ὄλεθρον.
1496 2965 1552 3029 καὶ
1566 2949 1678 3029 πάλιν

316 3077 349 3131 25
369 3064 468 3146 λέγει·
504 3053 523 3128 ὁ
560 3054 773 3146 ταράσσων
807 3053 904 3147 ῦμάς
934 3056 1121 3141 βαστάσει
1158 3058 1201 3128 τὸ
1237 3065 1362 3146 κρίμα.
1404 3056 1496 3146 παρὰ
1527 3065 1622 3140 τίνος
1651 3053 1670 3128 ὁ

369 3155 549 3245 ταράσσων
569 3157 635 3246 τήν
656 3161 834 3244 ἐκκλησίαν
855 3156 1012 3241 βαστάσει
1028 3157 1068 3230 τὸ
1083 3166 1199 3247 κρίμα;
1220 3153 1473 3244 ἀποκρινέσθω·
1494 3156 1586 3245 παρὰ
1608 3164 1671 3228 τοῦ

369 3255 501 3346 ἀγαθοῦ
522 3253 544 3346 ή
567 3263 630 3330 τοῦ
651 3262 806 3346 πονηροῦ
827 3255 984 3341 βαστάσει
1006 3287 1046 3329 το
1034 3256 1176 3346 κρίμα;
1198 3262 1280 3326 εί
1247 3285 1308 3345 μεν
1322 3256 1414 3344 παρὰ
1430 3263 1493 3327 τοῦ
1507 3263 1670 3345 πονηροῦ,

368 3351 576 3427 δείκνυται(
558 3385 576 3426 ο
601 3355 749 3444 Χριστὸς
772 3363 834 3426 τοῦ
842 3365 1010 3479 πονηροῦ
1032 3355 1091 3441 ῶν,
1113 3352 1211 3428 καὶ
1192 3387 1210 3428 ο
1233 3353 1440 3458 ἀπόστολος·
1472 3361 1501 3426 εί
1523 3362 1557 3426 δὲ
1579 3356 1671 3442 παρὰ

368 3462 430 3528 τοῦ
453 3452 593 3544 ἀγαθοῦ,
617 3451 813 3542 φαίνεται“
795 3485 813 3580 η
831 3453 959 3544 αγαθος
974 3485 1098 3546 κριτης
1135 3463 1203 3528 ποῦ
1224 3485 1287 3527 ουν
1302 3466 1441 3545 τίθεμεν
1456 3485 1521 3545 την
1537 3456 1672 3546 γραφήν

316 3563 350 3619 30
369 3555 431 3644 τήν
454 3554 675 3643 λέγουσαν·
662 3554 682 3627 α
705 3555 777 3644 γὰρ
800 3555 847 3627 ἀν
870 3565 1010 3644 σπείρῃ
1032 3556 1249 3646 ἄνθρωπος
1270 3563 1396 3627 ταῦτα
1418 3563 1482 3627 καί
1505 3565 1671 3646 θερίσει,

335 3659 547 3740 θήκαίαάλιν·
579 3659 617 3736 ὃς
643 3661 704 3742 μὲν
729 3665 841 3742 κρίνει
867 3661 1001 3741 ἡμέραν
1026 3687 1093 3738 παρ
1095 3659 1310 3742 ’ήμέραν,
1303 3687 1340 3736 ος
1362 3662 1398 3724 δὲ
1424 3666 1537 3744 κρίνει
1558 3683 1672 3724 πασαν

368 3758 430 3840 τὴν
463 3757 508 3839 ἡμ
514 3761 613 3844 έ.ραν]
657 3764 726 3830 ποῦ
758 3756 798 3847 δή
829 3765 884 3827 καὶ
920 3764 982 3827 τοῦ
1017 3762 1170 3846 σωτῆρος
1205 3752 1226 3845 ἡ
1260 3756 1362 3876 ηιωνή
1393 3787 1413 3879 η
1450 3761 1604 3844 λέγουσα·
1641 3759 1669 3846 ᾠ

368 3862 499 3946 μέτρῳ
522 3876 702 3946 μετρεῖτε
723 3854 1019 3947 μετρηθήσεται
1040 3854 1145 3946 ῦμίν,
1166 3864 1235 3925 καί·
1258 3851 1606 3984 ῦςανάρνήσηταί
1627 3885 1671 3944 με

369 3961 596 4046 ἔμπροσθεν
622 3964 705 4028 τῶν
732 3953 976 4075 ἀνθρώπων,
1008 3953 1228 4045 ἀρνήσομαι
1254 3953 1361 4045 κάγώ
1385 3953 1509 4026 αῦτὸν
1530 3960 1671 4046 ἐμπρο-

316 4067 464 4128 3ὕσθεν
487 4064 558 4128 τοῦ
578 4053 729 4142 πατρός
751 4083 828 4144 μου
849 4085 921 4127 του
907 4061 985 4126 ἐν
1008 4076 1094 4138 τοῖς
1116 4053 1319 4144 οῦρανοίς
1342 4064 1409 4128 καί·
1433 4052 1505 4127 οῦκ
1526 4059 1670 4144 ήλθον,

452 4209 817 4280 15-15]5015.2·15.-
785 4209 1106 4277 ιηο-νιγιυοεε
1120 4211 1245 4266 5-5-
1259 4208 1429 4277 σείουσι
1443 4211 1529 4264 10.-
1496 4209 1670 4278 σηοω

366 4298 393 4352 6:
408 4301 430 4352 ι.
449 4329 481 4335 -
501 4296 599 4365 5155]
618 4295 695 4349 Rom.
709 4297 752 4348 ιιι
765 4296 789 4346 5.
808 4323 841 4332 -
860 4293 909 4362 55]
929 4295 979 4348 ια.
993 4297 1020 4348 7:
1033 4296 1056 4348 ε.
1075 4325 1107 4332 -
1127 4293 1250 4363 55-55]
1270 4295 1318 4348 515.
1333 4297 1376 4349 10:
1391 4295 1431 4359 55,
1444 4296 1484 4348 34.

452 4417 466 4469 1
488 4411 596 4482 σώζων]
617 4415 648 4466 In
666 4416 702 4466 A:
722 4409 821 4478 σώζων
838 4411 890 4465 mit
908 4408 991 4479 σώζει
1009 4413 1076 4466 fiber
1095 4413 1143 4467 der
1161 4413 1240 4478 zoile,
1258 4413 1288 4466 in
1304 4412 1343 4465 H:
1363 4409 1455 4479 σώζει,
1477 4429 1541 4466 vom
1558 4412 1670 4466 Abschx.

365 4501 394 4552 in
418 4495 517 4565 σώζων
541 4497 704 4562 νεείιηδετίί
723 4497 740 4552 6
758 4493 850 4562 ἀλλοις
868 4501 892 4551 A
908 4499 912 4564 Ι
928 4498 947 4551 θ
965 4504 1004 4570 τῷ
1023 4495 1082 4571 ἐμῷ
1105 4498 1135 4554 δέ
1157 4499 1224 4566 1ἯΙ
1240 4500 1279 4555 10
1301 4498 1385 4568 λέγον
1403 4498 1470 4563 1ῊΙ
1487 4497 1524 4554 15
1542 4499 1671 4566 δηλονοτι

366 4583 391 4636 d.
409 4583 479 4636 HSS.
501 4587 504 4650 Ι
526 4584 564 4639 25
587 4577 684 4650 Ἰησοῦ]
704 4575 793 4649 ’ίησοῡ
810 4584 935 4652 Χριστοῦ
954 4583 1001 4636 FH
1018 4583 1080 4638 Rus.
1100 4585 1103 4650 Ι
1124 4582 1164 4637 50
1181 4584 1282 4654 θερίση
1303 4585 1350 4639 AB
1370 4585 1373 4649 1
1395 4582 1483 4648 111182
1507 4581 1557 4636 Die
1579 4581 1669 4650 einge-

365 4667 547 4722 klammerten
566 4667 662 4721 Worte
679 4667 729 4720 hat
747 4667 832 4721 sehon
851 4667 962 4722 Wetbst.
981 4667 1441 4724 1515555555515550555551555.
1474 4666 1615 4737 vg1.Ruf.
