3744 5524
218 491 330 564 Cuspari
346 493 386 547 111
404 509 426 549 c.
445 496 520 552 7-9.
815 495 923 567 Dialog.
1465 497 1523 568 127

216 661 413 746 Megethium
440 685 474 728 se
508 661 774 746 disputationibus
807 663 1010 746 inserentem,
1044 669 1232 750 respondeat
1267 667 1294 732 si
1326 667 1407 732 istae
1442 670 1523 733 duee

216 762 410 828 substantiae
429 761 602 828 miscentur
622 763 684 828 sibi
704 764 841 830 inuicem
863 768 895 829 et
916 765 1091 831 cohaerent

297 1102 322 1146 c
343 1081 449 1152 VIII.
477 1088 551 1164 Mep.
573 1089 615 1149 ct:
636 1081 711 1149 Non
732 1083 912 1164 miscentur,
942 1087 997 1150 sed
1022 1083 1142 1150 alienae
1172 1107 1190 1149 a
1216 1107 1249 1150 se
1274 1085 1412 1152 inuicem
1439 1091 1521 1152 sunt.

295 1185 351 1246 Act
372 1186 413 1248 ct:
435 1180 600 1258 Quomodo
619 1201 694 1267 ergo
714 1182 804 1248 uenit
821 1183 924 1248 bonus
945 1186 986 1249 ad
1006 1183 1112 1249 locum
1127 1189 1158 1250 et
1179 1185 1409 1268 possessionem
1424 1186 1520 1253 mali?

178 1295 194 1348 5
213 1277 378 1356 Quomodo
400 1280 561 1365 ingressus
583 1285 630 1348 est
650 1284 804 1346 mundum
827 1287 858 1347 et
877 1305 914 1347 ea
936 1305 1016 1367 quae
1036 1288 1126 1348 erant
1145 1284 1178 1349 in
1196 1284 1258 1350 hoc
1278 1288 1397 1352 mundo
1417 1286 1521 1352 eliena

210 1378 281 1444 uult
302 1379 405 1445 facere
426 1401 491 1461 sua,
513 1385 634 1447 utnon
655 1381 758 1446 solum
778 1381 846 1465 ipse
865 1381 967 1448 bonus
988 1382 1173 1449 misceretur
1186 1386 1280 1450 rebus
1301 1383 1386 1463 mali,
1407 1407 1519 1451 uerum

212 1479 307 1543 etiem
327 1479 437 1560 malos,
460 1501 539 1564 quos
561 1484 600 1545 de
621 1481 820 1546 boemundo
843 1481 1000 1565 diriperet,
1021 1482 1168 1548 misceret
1188 1485 1282 1549 rebus
1303 1483 1417 1549 bonis?

292 1585 369 1645 Mar.
389 1583 429 1645 rt:
450 1579 521 1665 Ego
541 1581 612 1647 dico
634 1580 738 1646 solum
757 1582 851 1645 deum
866 1602 934 1646 esse
947 1581 1179 1647 immutabilem
1193 1586 1225 1647 et
1238 1582 1518 1666 incorruptibilem

292 1684 347 1744 Art
368 1683 409 1745 d:
437 1678 524 1764 Ergo
555 1680 699 1747 diabolus
728 1679 942 1764 corruptibilis
970 1684 1016 1745 est
1042 1685 1074 1746 et
1103 1680 1273 1747 mutabilis.
1313 1681 1434 1758 Quodsi
1464 1688 1518 1762 est,

160 1789 193 1842 lc
209 1777 320 1859 ntique
340 1777 499 1862 ingenitus
519 1801 584 1846 non
606 1785 680 1859 erat,
701 1782 757 1846 sed
778 1780 901 1845 factura
922 1783 977 1844 est
1013 1778 1087 1846 Non
1107 1781 1190 1846 enim
1211 1786 1318 1865 potest
1339 1805 1377 1848 ex
1394 1785 1518 1849 duobus

209 1875 360 1961 ingenitis
380 1899 481 1942 unum
503 1900 570 1944 esse
591 1878 821 1944 immutabilem
843 1883 876 1944 et
895 1901 994 1944 unum
1016 1880 1211 1946 mutabilem

293 2197 318 2240 c.
339 2176 407 2244 IX.
434 2180 511 2242 Mar.
533 2180 573 2242 rt:
596 2175 659 2242 Sed
680 2177 810 2241 etmihi
831 2177 1040 2262 interroganti
1061 2178 1231 2262 aliquando
1252 2183 1414 2263 responde.

291 2279 346 2339 Ad.
367 2280 407 2340 rt:
428 2273 592 2359 Interroga
612 2279 649 2340 ut
670 2277 727 2342 uis.

290 2380 365 2440 Mar.
387 2379 426 2440 ct:
447 2373 508 2439 Est
529 2375 649 2459 aliquid
669 2377 809 2442 bonum?

157 2487 188 2539 15
290 2479 344 2538 Ad.
366 2479 406 2540 d:
427 2473 494 2540 Est

289 2578 365 2640 Mor.
386 2579 426 2639 ct:
446 2573 506 2639 Est
528 2579 559 2638 et
579 2573 718 2640 malum?

288 2678 343 2738 Ad.
365 2679 405 2739 d:
427 2673 553 2738 Bonum
575 2673 645 2739 dico
672 2673 878 2739 substantiale
906 2696 981 2753 esse,
1007 2673 1126 2740 malurn
1151 2696 1227 2741 uero
1254 2675 1405 2755 accidens,
1438 2677 1514 2760 quia

205 2770 323 2836 bonurn
344 2772 566 2856 incorporeum
586 2776 642 2852 est,
662 2773 782 2839 malum
802 2796 878 2840 uero
902 2774 1050 2840 sensibile
1065 2780 1112 2842 est
1133 2778 1166 2839 et
1179 2774 1331 2842 occidens.
1366 2775 1513 2860 Denique

204 2871 370 2955 principali
390 2871 452 2955 ipsi
472 2873 557 2938 bono
570 2895 733 2957 nunquam
755 2875 875 2938 accidet
892 2872 1021 2950 malum,
1044 2878 1100 2940 sed
1120 2874 1169 2940 his
1192 2875 1247 2958 qui
1260 2875 1418 2958 positione
1436 2876 1512 2942 boni

153 2979 187 3034 20
204 2975 278 3037 sunt
299 2976 427 3055 propter
447 2970 540 3037 liberi
561 2971 683 3036 arbitrii
704 2971 895 3037 facultatem.

285 3075 362 3137 Mar.
383 3077 423 3137 ct:
449 3069 535 3136 Scire
560 3069 636 3136 uolo
663 3070 742 3153 quid
767 3069 809 3135 sit
833 3071 1005 3157 principale
1031 3074 1150 3138 bonum
1179 3077 1210 3137 et
1236 3075 1314 3157 quid
1343 3073 1509 3157 positione.

287 3175 342 3236 Ad.
363 3175 403 3237 ct:
423 3168 512 3235 Licet
533 3192 590 3254 per
609 3170 744 3235 ironiam
765 3171 960 3255 interrogare
977 3171 1123 3253 uideeris,
1143 3177 1250 3237 temen
1264 3173 1351 3238 audi:
1372 3171 1510 3239 Natura·

203 3267 276 3334 liter
301 3272 378 3335 deus
403 3272 506 3335 bonus
532 3275 587 3350 est,
617 3269 669 3335 eui
694 3269 774 3335 nibil
800 3271 941 3337 accidere
967 3276 1073 3356 potest
1098 3271 1226 3353 malum,
1254 3271 1412 3356 positione
1432 3294 1509 3338 uero

203 3367 298 3435 homo
328 3368 444 3434 dicitur
471 3371 582 3449 bonus,
612 3371 694 3434 sicut
721 3373 753 3434 et
782 3372 915 3435 uerbum
942 3371 993 3435 dei
1021 3370 1206 3437 naturaliter
1236 3371 1369 3437 dicimus
1399 3371 1508 3451 filium,

152 3474 185 3529 25
204 3472 342 3533 caeteros
371 3490 447 3533 uero
477 3468 621 3533 homines
650 3469 806 3551 positione
837 3469 890 3534 uel
918 3470 1096 3553 adoptione,
1125 3472 1201 3553 quia
1231 3471 1386 3555 scriptura
1415 3472 1510 3538 etiem

287 4317 302 4372 1
323 4318 388 4374 God.
406 4318 586 4388 ingerentem.
604 4321 671 4374 -B
688 4320 723 4389 ld
741 4319 807 4377 cod
824 4321 906 4389 solus,
925 4321 1011 4376 durch
1024 4321 1142 4377 Einfluss
1160 4321 1207 4376 dee
1224 4322 1291 4393 folg.
1311 4323 1428 4379 ›bonus‹
1448 4327 1506 4380 ent·

200 4399 341 4470 standon!
364 4403 378 4457 7
398 4402 532 4458 misceret
561 4403 636 4459 Statt
654 4403 843 4460 »misceretur«
862 4405 910 4460 des
928 4405 993 4464 Cod.
1012 4406 1079 4461 -B
1102 4410 1107 4475 l
1132 4407 1172 4463 10
1189 4407 1257 4478 eret]
1278 4407 1344 4462 Men
1366 4410 1506 4463 erwmtet:

202 4486 282 4540 »est«.
306 4485 383 4540 Doch
396 4487 472 4542 kann
485 4488 546 4544 dem
556 4476 720 4544 llbersetaer
732 4489 781 4544 der
791 4490 907 4560 positive
916 4490 1060 4545 Ausdruck
1075 4491 1200 4562 »genitus
1212 4495 1285 4547 erat«
1299 4493 1508 4562 vorgesohwebt

199 4568 290 4624 haben
305 4571 309 4638 Ι
324 4569 414 4627 c-rl
433 4572 495 4628 Rus.
512 4574 562 4628 hat
579 4573 632 4626 den
643 4572 750 4628 Numen
762 4573 909 4645 Eutropius
927 4575 1103 4645 ausgelassen
1120 4575 1177 4629 und
1195 4576 1272 4647 giebt
1289 4580 1374 4632 etwas
1393 4577 1507 4632 anderes
1555 4578 1559 4587 '

199 4652 241 4707 uls
258 4652 307 4708 der
319 4671 359 4724 gr.
370 4655 400 4709 Τ.
418 4657 487 4710 -Β
502 4657 506 4725 Ι
523 4656 559 4712 lt)
575 4657 628 4727 his]
648 4657 712 4715 Cod.
730 4658 759 4712 hi
774 4659 779 4726 Ι
794 4659 833 4715 25
854 4659 948 4728 »quia«
969 4661 1044 4715 steht
1060 4659 1098 4714 irn
1117 4658 1181 4716 God.
1200 4660 1267 4715 uber
1284 4661 1332 4717 der
1349 4661 1429 4718 Zeila.
