3744 5524
355 464 414 530 118
923 461 1113 519 Adamantius.
1242 460 1283 517 De
1300 460 1329 516 1ο,
1346 461 1404 516 Rue
1421 461 1460 516 111
1477 461 1659 519 835b-8362

353 623 440 695 είναι
453 618 570 709 κακόν,
593 619 742 707 ύιύλυσίς
756 629 827 696 έστι
842 621 1012 715 σωμάτων
1028 622 1095 698 ἀπὸ
1112 629 1232 716 ψυχῆς·
1255 629 1361 714 δῆλον
1376 615 1439 696 οὖν
1454 616 1509 696 ότι
1529 621 1659 714 όγαθὸς

354 714 374 793 ό
397 719 514 810 φόνος,
537 715 556 794 ό
578 721 672 796 λύων
685 723 750 798 τὸν
769 724 892 817 δεσμὸν
913 725 1155 814 τοῦσώματος
1178 720 1246 796 ἀπὸ
1268 730 1331 815 της
1351 729 1473 814 ψυχῆς·
1495 730 1550 794 καὶ
1571 723 1659 796 κατὰ

354 819 398 893 τὰ
423 829 477 894 σοί
505 819 652 910 δόξαντα
678 818 698 897 ό
726 819 833 914 φόνος
854 828 946 897 ἐστίν
968 821 1111 915 ἀγαθός,
1142 817 1249 897 ότόν
1270 823 1447 914 δεσμώτην
1469 829 1661 914 ἐλευθερῶν

319 927 409 992 exal
431 917 659 995 ἀπαλλάσσων
679 929 743 996 τού
763 923 891 1015 ἄχθους
911 923 976 1014 τὴν
996 922 1116 1014 ψυχήν.

318 1023 336 1078 5
437 1026 541 1092 ΜΑΡ.
582 1019 665 1112 Ἐγώ
687 1032 765 1114 περί
788 1015 839 1096 ὦν
861 1019 1035 1115 ω’ρισόμην
1056 1031 1133 1114 περί
1154 1027 1293 1096 ἐκείνων
1315 1030 1418 1112 ζητῶ.

436 1125 504 1192 ΑΔ.
547 1121 604 1213 Μὴ
636 1121 749 1213 σύγχεε
778 1122 822 1196 τὰ
848 1122 1046 1215 ζητούμενα.
1088 1130 1165 1213 περὶ
1191 1128 1296 1195 ποίου
1327 1119 1519 1212 ζητήματος
1547 1121 1659 1206 βούλει

352 1219 503 1308 προότως
524 1220 590 1312 τὴν
610 1227 762 1310 ἐξέτασιν
782 1229 955 1313 γενέσθαι,·

435 1326 541 1392 ΜΑΡ.
582 1328 665 1413 Περὶ
686 1329 751 1396 τοῦ
772 1321 940 1408 διαβόλου.

437 1427 501 1490 ΕΓ
501 1429 559 1493 ΤΡ.
599 1417 800 1512 Ἀμφότεροι
820 1431 963 1513 πρῶτον
984 1416 1153 1512 όρίσασθε.

302 1525 337 1582 10
436 1524 506 1590 ΑΔ.
547 1515 629 1609 Ἐγώ
656 1517 755 1593 οὐδὲν
781 1522 901 1613 ἕτερον
926 1519 1095 1612 ἀγένητον
1118 1528 1207 1610 λέγω
1228 1515 1251 1609 ἢ
1272 1517 1381 1611 μόνον
1401 1517 1466 1591 τόν
1487 1515 1586 1605 θεόν,
1617 1521 1661 1592 τὰ

354 1622 391 1689 δὲ
412 1617 516 1691 λοιπὰ
537 1616 652 1692 πάντα
675 1617 738 1692 όσα
759 1625 830 1696 ἔστι
850 1621 975 1712 γενητὰ
996 1629 1051 1692 καί
1072 1617 1202 1694 κτιστύ.

437 1723 541 1790 ΜΑΡ.
583 1715 667 1808 ’λέγω
690 1718 754 1792 τὸν
776 1719 938 1806 διάβολον
965 1718 1123 1811 αύτοφυῆ
1145 1726 1318 1809 λογίζομαι
1339 1727 1396 1792 καί
1418 1716 1660 1808 αύτογένητον,

354 1822 411 1886 καί
433 1815 493 1890 δύο
515 1820 607 1907 ῥίζας
630 1821 716 1905 olda,
736 1820 896 1911 πονηρὰν
916 1827 973 1892 καί
993 1817 1137 1911 ύγαθήν.

439 1925 502 1989 Εἴ
502 1927 560 1989 ΤΡ.
598 1917 665 1992 Δύο
688 1912 752 1992 οὖν
772 1917 919 2010 ἀγένητα
941 1919 1008 2011 φης
1029 1922 1124 2004 είναι,
1147 1917 1303 2009 πονηρὸν
1323 1925 1378 1992 καί
1400 1915 1550 2009 ἇγαθόν,·

303 2023 336 2076 15
436 2023 542 2089 ΜΑΡ.
584 2016 651 2091 Δύο
673 2020 768 2107 ῥίζας
790 2027 883 2111 φημί.
1604 2051 1607 2058 ’

317 2114 337 2168 <1
436 2123 504 2187 ΑΔ.
547 2115 614 2190 ιίύο
635 2120 728 2207 ῥίζας
750 2122 833 2208 έφης
854 2120 940 2192 είναι
967 2115 1166 2210 ἀγενήτους·
1197 2125 1271 2207 λέγε
1292 2123 1342 2204 δέ,
1373 2123 1516 2208 τρεπταί
1536 2113 1661 2205 είσινῆ

354 2213 535 2306 ἄτρεπτος

437 2321 541 2388 ΜΑΡ.
583 2323 678 2403 Πῶς;

438 2423 502 2486 ΕῩ
502 2424 559 2486 ΤΡ.
603 2415 751 2490 Δύναται
772 2423 942 2509 τραπῆναι
964 2413 985 2508 ἦ
1005 2415 1093 2506 κακὴ
1115 2419 1190 2506 ῥίζα
1211 2423 1267 2488 καί
1289 2422 1446 2506 γενέσθαι
1467 2415 1595 2507 ἄγαθή;

302 2521 338 2578 20
437 2521 541 2586 ΜΑΡ.
590 2509 650 2587 Ού·
671 2512 765 2590 ούτω
786 2516 849 2608 γὰρ
871 2524 1031 2606 πέφυκεν.

438 2622 559 2686 ΕῩΤΡ.
582 2622 694 2706 Δῆλον
703 2609 759 2688 ότι
768 2609 849 2689 οὔτε
863 2613 976 2707 ἀγαθὴ
987 2622 1158 2707 τραπῆνω
1172 2613 1313 2688 δύναται
1327 2623 1383 2688 καί
1396 2621 1553 2704 γενέσθαι
1567 2613 1661 2706 κακή.

437 2720 541 2786 ΜΑΡ.
587 2707 648 2786 Ού·
670 2715 730 2788 δύο
752 2717 815 2806 γὰρ
838 2721 929 2802 εἰσίν,
953 2711 1065 2807 ἀγαθὴ
1087 2721 1143 2788 καί
1164 2713 1306 2806 πονηρά.

438 2919 505 2984 ΑΔ.
547 2910 636 2988 Ἐπεὶ
662 2908 725 2988 ούν
750 2913 810 2987 δύο
837 2917 930 3004 ῥίζας
956 2911 1147 3002 ἀτρέπτους
1170 2911 1316 3000 ύπέθον,
1346 2920 1422 3004 λέγε
1447 2913 1489 3004 δὴ
1520 2911 1662 3003 ἑκάστης

355 3007 470 3097 ούσίας
492 3012 557 3103 τὴν
578 3011 748 3104 ποιότητα
769 3021 826 3086 καί
847 3012 913 3104 τὴν
934 3017 1110 3103 ἐνέργειαν.

302 3126 337 3182 25
438 3119 542 3182 ΜΑΡ.
589 3119 654 3185 Τοῦ
683 3110 817 3204 ἇγαθού
846 3109 867 3204 ἡ
901 3111 1047 3204 ποιότης
1075 3121 1132 3185 καί
1163 3110 1184 3204 ἦ
1214 3119 1362 3204 ἐνέργεια
1393 3121 1483 3202 φῶς,
1520 3108 1661 3203 ἀγαθόν,

278 3221 335 3278 ’836
356 3209 474 3297 δεξιόν,
497 3211 727 3304 έλεημονικόν,
746 3222 751 3298 Ι
770 3209 909 3298 εύσεβές,
932 3220 1072 3298 δίκαιον,
1095 3219 1152 3286 καί
1173 3217 1204 3284 εί
1223 3242 1258 3284 τι
1280 3212 1365 3286 ἄλλο
1388 3209 1507 3300 δεξιόν.
1542 3218 1606 3284 τοῦ
1628 3219 1663 3284 δὲ

354 3317 462 3382 κακοῦ
483 3307 504 3402 ἦ
525 3309 669 3402 ποιότης
683 3319 739 3384 καὶ
754 3309 776 3402 ἦ
794 3318 942 3403 ἐνέργεια
960 3306 1092 3397 σκότος,
1114 3308 1279 3403 πονηρόν,
1301 3309 1491 3403 ἀριστερόν,
1513 3309 1662 3401 ύνηλεές,

354 3405 478 3495 ἀσεβές,
503 3409 631 3498 ἄδικον,
652 3419 708 3483 καί
729 3416 759 3482 εί
779 3442 813 3484 τι
833 3411 919 3484 ἄλλο
943 3415 1035 3484 ἔστιν
1057 3407 1243 3501 ἀριστερόν.

438 3516 505 3581 ΑΔ.
550 3507 670 3602 Νοητύ
692 3515 785 3584 ἐστιν
807 3509 828 3583 ἃ
850 3517 957 3600 λέγεις
977 3506 999 3600 ἢ
1021 3508 1183 3601 αίσθητά;

302 3627 338 3682 30
439 3616 542 3682 ΜΑΡ.
589 3617 677 3693 Τέως
698 3617 775 3700 περί
797 3615 975 3700 αἰσθητῶν
995 3605 1174 3698 πρόκειται
1195 3604 1275 3702 ἡμῖν
1296 3609 1338 3684 τὸ
1361 3617 1477 3699 λέγειν.

441 4381 457 4435 1
479 4375 628 4447 σωμάτιον]
644 4371 777 4445 σώματος
794 4375 817 4430 Ε
833 4393 859 4432 α
878 4375 904 4430 d.
916 4377 1029 4445 Ausgg„
1048 4371 1188 4443 σωμάτων
1208 4373 1235 4430 d.
1246 4375 1306 4430 flbr.
1321 4375 1326 4443 Ι
1341 4374 1361 4431 8
1379 4367 1497 4445 ἄχθους]
1516 4373 1622 4447 ἐχθροῦ
1640 4373 1666 4428 d.

353 4463 428 4518 HSS.
443 4465 448 4533 Ι
464 4462 504 4520 10
522 4459 679 4533 ἀγέννητον
696 4461 718 4516 F
733 4463 737 4529 Ι
754 4460 791 4518 11
810 4456 931 4531 γεννητᾰ
950 4458 1119 4527 GDFG112
1139 4455 1347 4530 αὐτογέννητον
1363 4457 1452 4527 ΔΟΕΙ
1469 4459 1509 4517 14
1526 4457 1666 4529 ἀγέννητο

356 4547 429 4603 ADF
443 4549 448 4616 Ι
464 4547 503 4604 16
515 4544 720 4617 ἀγεννὴτοοςθ
734 4546 739 4614 1
753 4542 818 4617 λέγε
830 4543 883 4614 W?
898 4546 902 4614 ί
918 4544 958 4601 25
971 4543 1059 4616 Μαρ]
1072 4544 1194 4615 Μᾶρκος
1206 4543 1228 4597 F
1239 4544 1270 4598 in
1280 4561 1336 4614 mg.
1345 4543 1478 4616 Μορΐνος
1492 4545 1497 4614 Ι
1513 4545 1553 4601 θθ
1564 4540 1666 4614 δεξιὸν]

352 4626 439 4700 ἄξιον
457 4633 482 4688 τί
501 4631 572 4687 flss.
601 4631 666 4703 Vgl.
684 4627 836 4703 ἀριστερὸν
853 4629 935 4686 8362.
965 4627 1042 4700 Conj.
1061 4629 1185 4701 Caeparie
1201 4630 1205 4697 Ι
1221 4629 1262 4686 80
1282 4627 1371 4701 Μαρ]
1390 4628 1513 4701 Μᾶρκος
1530 4627 1609 4683 EFH.
