3744 5524
209 509 320 580 Caspari
337 511 363 564 11
381 527 404 565 c
421 509 445 564 9.
464 512 504 566 10.
806 510 914 580 Dialog.
1470 519 1509 578 77

207 699 283 743 uero
305 682 432 744 coactus
455 682 502 742 est
522 700 542 742 a
563 681 713 759 creatore,
739 678 807 762 ipse
828 677 1005 744 inuenietur
1026 699 1120 744 causa
1141 678 1250 744 salutis
1271 679 1434 744 hominum
1456 680 1512 763 qui

208 779 273 862 pati
297 800 368 842 eum
381 776 550 871 compulit.

291 899 316 940 c.
339 877 384 944 X.
423 883 513 942 Marc.
534 882 573 942 d:
601 874 670 942 Nos
692 876 731 942 de
752 876 915 960 scripturis
940 878 1132 943 ostendimus
1159 877 1234 961 quia
1258 877 1317 942 iste
1345 877 1400 960 qui
1425 877 1513 943 uenit

209 975 352 1042 Christus
373 998 436 1040 non
456 980 503 1040 est
521 977 678 1055 creatoris,
700 979 756 1042 sed
769 978 845 1042 boni
861 977 911 1041 dei
934 977 989 1061 qui
1005 981 1036 1042 et
1054 977 1158 1062 legem
1180 976 1328 1042 creatoris
1350 977 1511 1041 destruxit.

173 1093 189 1145 5
291 1081 345 1140 Ad.
367 1081 407 1140 d:
435 1073 482 1139 De
504 1075 618 1158 quibus
640 1075 803 1160 scripturis
825 1077 902 1141 haec
923 1080 1086 1143 ostendere
1107 1081 1139 1141 te
1160 1077 1339 1160 promittis?

290 1180 380 1238 Mare.
401 1179 443 1239 d:
471 1173 518 1238 De
538 1174 703 1260 euangelio
719 1179 751 1240 et
771 1175 924 1259 apostole.
959 1175 1095 1242 Iudaicis
1109 1176 1240 1241 uocibus
1255 1197 1318 1241 nen
1338 1177 1511 1259 acquiescO,

209 1273 283 1357 quia
304 1273 432 1338 alterius
454 1273 505 1338 dei
525 1278 607 1339 sunt.

290 1378 345 1437 Ad.
367 1378 405 1438 d:
434 1371 536 1457 Igitur
561 1374 589 1440 si
614 1377 779 1440 ostendero
806 1379 844 1440 de
871 1375 1036 1461 euangelio
1059 1375 1266 1458 depostulo,
1293 1374 1409 1439 desinis
1430 1375 1513 1439 bles-

207 1472 376 1554 phumata?

157 1587 191 1642 10
290 1577 379 1635 Marc.
401 1576 441 1636 d:
470 1569 606 1648 Quidni?
627 1573 704 1658 Legi
725 1580 830 1640 temen
852 1578 883 1639 et
903 1573 1064 1658 prophetis
1085 1598 1149 1641 non
1171 1575 1344 1660 acquiesco,
1367 1577 1423 1640 sed
1446 1574 1513 1640 solo

210 1668 383 1753 euangelio.

293 1775 347 1834 Ad.
369 1775 408 1836 d:
437 1770 622 1855 Acquiescis
644 1773 818 1859 euangelio,
839 1797 879 1838 an
900 1777 983 1840 nen?

291 1875 381 1933 Mare.
403 1875 443 1936 d:
472 1871 659 1956 Aequiescc

293 1973 348 2032 Ad.
370 1974 409 2034 d:
440 1969 526 2056 Lego
550 1977 581 2037 et
604 1975 735 2039 ostendo
758 1973 833 2057 quia
854 1973 909 2057 qui
930 1972 1033 2058 legem
1056 1995 1120 2038 non
1140 1973 1274 2056 suscipit
1293 1976 1324 2037 et
1345 1973 1515 2055 prophetes

160 2081 193 2135 15
210 2089 312 2150 neque
339 2069 538 2154 euangelium
565 2071 704 2156 suscipit
739 2072 825 2138 Dicit
846 2074 928 2138 enim
943 2071 1086 2138 Christus
1106 2071 1163 2136 ita:
1191 2077 1288 2136 Homo
1311 2077 1434 2154 quedam
1455 2082 1517 2136 crat

212 2173 304 2248 diuae,
333 2173 459 2234 indutae
481 2193 622 2252 purpure
647 2183 674 2237 et
702 2177 787 2254 bysso
817 2183 844 2236 et
867 2178 903 2238 in
928 2177 1024 2254 epsdie
1052 2177 1156 2236 cotidie
1186 2175 1353 2236 laetabatur.
1396 2176 1515 2252 Pauper

213 2279 311 2332 eutem
336 2273 460 2350 quidam
484 2277 607 2336 nemim
627 2277 768 2336 Luceres
792 2277 902 2336 iucebm
925 2278 965 2336 ud
984 2277 1110 2336 thaeum
1131 2277 1196 2335 eius
1216 2275 1363 2336 ulceet'hue
1382 2275 1516 2352 repletus,

213 2372 382 2432 destituam
402 2376 537 2434 saturari
556 2376 590 2434 de
610 2376 698 2436 mdes
718 2395 793 2453 quae
813 2377 952 2436 cedebam
972 2378 1006 2436 de
1026 2393 1130 2436 masa
1155 2375 1279 2442 diuitis·
1305 2376 1356 2435 eed
1381 2381 1408 2434 et
1431 2395 1518 2435 cauce

213 2473 364 2532 mentes
389 2473 538 2550 lineabant
560 2475 751 2535 almucias.
793 2476 918 2536 Factum
938 2483 981 2536 est
1000 2481 1098 2536 auem
1120 2479 1154 2534 ut
1174 2480 1337 2534 moreretur
1356 2476 1517 2548 medicus,

161 2583 195 2638 20
212 2577 239 2630 ct
259 2570 373 2631 ablutus
395 2567 467 2650 <est>
489 2576 524 2632 ab
545 2573 659 2650 accedis
679 2575 714 2634 iu
734 2576 843 2634 sinum.
860 2576 1002 2636 Abrahae.
1039 2576 1178 2635 Mortuus
1200 2579 1243 2634 eet
1262 2579 1362 2635 autem
1382 2581 1408 2635 et
1433 2576 1518 2635 diues

213 2676 239 2730 et
258 2670 392 2747 sepultus
412 2679 456 2731 cet
474 2673 510 2732 in
529 2674 692 2749 infernum.
735 2675 868 2735 Eleuans
883 2675 1197 2749 autumationum,
1219 2691 1288 2733 cum
1309 2679 1381 2734 esset
1402 2675 1436 2734 ic
1460 2681 1517 2734 ter-
1618 2737 1622 2745 ,

213 2771 333 2844 metis,
355 2773 435 2831 uidit
455 2771 607 2833 Abraham
632 2774 666 2833 de
691 2774 774 2851 louye
795 2781 822 2835 et
841 2775 998 2834 Lazarum
1018 2775 1054 2833 in
1074 2774 1148 2834 unu
1169 2774 1242 2834 ciue.
1284 2775 1325 2833 Et
1344 2774 1407 2851 ipsc
1427 2773 1518 2834 mla-

212 2887 302 2930 mens
323 2871 412 2931 deicit:
440 2872 528 2932 Peter
549 2873 713 2943 Abraham,
734 2876 871 2934 miserere
891 2876 952 2934 ceci
971 2881 998 2934 et
1016 2875 1099 2934 mitte
1119 2873 1289 2948 Lamum,
1314 2879 1349 2932 ut
1367 2874 1519 2948 iatiuyuat

212 2989 369 3030 summum
392 2972 479 3048 diuiti
503 2973 555 3032 eui
575 2975 609 3032 in
630 2991 722 3051 equa,
743 2979 777 3034 ut
797 2975 948 3050 refricaret
967 2975 1104 3050 linquam
1123 2991 1230 3042 meam,
1253 2973 1328 3050 quia
1347 2973 1464 3032 crucior
1483 2974 1518 3031 e'ee

162 3078 195 3132 25
212 3070 267 3129 huc
286 3071 419 3146 flemma.
462 3073 612 3132 Abraham
633 3074 844 3134 autemdicit:
871 3074 946 3148 Fili,
972 3073 1121 3134 recordare
1142 3074 1214 3151 quia
1234 3073 1368 3148 recepisti
1388 3072 1464 3131 bosea
1484 3073 1519 3131 ia

212 3169 278 3228 uita
305 3175 357 3228 tua
382 3177 410 3230 et
433 3171 574 3232 Laturus
599 3173 737 3232 similiter
762 3173 859 3240 mula·
887 3191 970 3233 nunc
994 3181 1093 3233 autem
1121 3174 1168 3233 hic
1192 3173 1358 3252 requescet,
1385 3177 1418 3231 tc
1446 3190 1518 3232 cero

212 3270 363 3330 mauris.
398 3273 440 3331 Et
452 3272 486 3331 in
507 3273 556 3332 his
576 3272 715 3334 omnibus
729 3274 806 3333 iuter
827 3291 885 3333 uos
906 3279 932 3333 et
952 3292 1009 3333 nee
1029 3274 1118 3333 cliuos
1139 3291 1286 3349 maenum
1306 3272 1519 3349 continuatum

212 3373 263 3438 est,
286 3375 321 3427 ct
341 3370 374 3428 hi
394 3372 448 3447 qui
468 3373 515 3431 hie
535 3373 669 3433 suntad
684 3392 741 3433 uos
761 3373 864 3432 uenire
884 3375 1090 3450 nonpossint,
1115 3391 1209 3450 neque
1230 3373 1285 3451 qui
1305 3372 1348 3432 ihi
1368 3377 1440 3431 scm
1460 3373 1519 3430 hcc

296 3497 313 3550 8
330 3496 386 3551 Der
397 3497 462 3554 Ced.
480 3499 530 3554 hat
546 3501 585 3553 im
602 3501 672 3555 Text
691 3501 854 3568 »Mcqethius
871 3501 966 3559 dead«.
985 3518 1031 3554 um
1047 3501 1143 3556 Raude
1162 3500 1202 3555 als
1219 3499 1371 3556 Korrektnr
1390 3499 1518 3552 »Marcus

212 3580 297 3634 dhe«
323 3583 327 3648 Ι
352 3583 396 3647 dli
414 3583 478 3637 cod.
496 3585 562 3652 quia
580 3586 626 3654 qui
644 3585 722 3640 uenit
738 3586 790 3640 iste
808 3585 878 3648 cnr..
903 3585 954 3640 mit
977 3603 1023 3639 »a«
1047 3586 1115 3640 {lber
1137 3585 1203 3654 quia
1224 3584 1280 3638 und
1306 3585 1354 3639 »b«
1373 3584 1442 3638 iiber
1458 3584 1519 3638 iste.

213 3666 268 3720 Der
290 3665 433 3721 Schreiber
454 3669 504 3722 hat
525 3670 601 3724 wohl
623 3669 723 3724 darauf
742 3669 926 3724 animerhsam
948 3671 1063 3724 macheu
1086 3669 1200 3735 wollen,
1228 3669 1290 3722 dass
1314 3685 1343 3722 ar
1368 3668 1412 3722 die
1435 3671 1519 3724 etwas

213 3750 359 3820 aufi'dllige
375 3751 532 3823 Wcrtfolge
554 3755 583 3808 in
601 3755 663 3809 dem
681 3771 736 3809 von
753 3755 811 3808 ihm
829 3754 974 3824 hopierten
991 3755 1056 3809 Cod.
1075 3753 1263 3821 voraciundan
1281 3753 1360 3808 habe.
1396 3753 1518 3823 hidglich

213 3835 283 3890 doch
302 3837 384 3901 auch,
412 3836 474 3890 dass
497 3855 526 3891 er
547 3839 586 3893 sie
603 3839 675 3893 nach
693 3839 781 3894 eeiner
799 3838 982 3894 Gewohnheit
999 3838 1085 3893 durch
1106 3838 1149 3892 die
1166 3837 1266 3892 beiden
1285 3837 1460 3891 Buchstaben
1478 3838 1519 3890 als

211 3920 351 3991 unrichtig
372 3922 422 3976 hat
444 3921 611 3977 bezeichnen
634 3922 735 3978 wellen
761 3923 817 3977 und
840 3941 892 3977 nur
918 3940 966 3977 aus
990 3922 1128 3978 Vereehen
1156 3922 1200 3976 die
1222 3922 1350 3992 Stellung
1376 3922 1519 3977 denselben

211 4005 390 4060 verwechselt
406 4007 463 4061 hat.
499 4007 543 4062 Sie
559 4008 597 4062 ist
610 4007 739 4076 ubrigens
756 4007 981 4074 beiznbehalten,
1005 4007 1042 4062 da
1063 4008 1102 4062 sie
1126 4007 1174 4062 der
1191 4007 1238 4062 dee
1257 4007 1441 4062 Grundtextes
1459 4009 1518 4062 ent·

212 4091 322 4161 spi-ioht.
353 4091 413 4160 (Die
425 4091 535 4145 Buchst.
549 4110 603 4146 an.
616 4093 634 4147 b
646 4092 791 4158 bedenten,
809 4091 899 4146 meine
910 4091 963 4158 ich,
982 4092 1044 4146 dass
1058 4091 1139 4161 »quie
1150 4092 1202 4146 iate
1214 4091 1261 4160 qui
1276 4091 1360 4155 venit,
1379 4090 1516 4144 Christus«

212 4191 245 4227 zu
262 4175 337 4230 lesen
355 4176 402 4229 sei.
421 4205 453 4214 -
465 4177 497 4244 B)
514 4177 551 4243 16
570 4177 635 4232 Cod.
653 4176 813 4246 euangeliis.
842 4176 890 4229 Ich
907 4177 980 4230 habe
997 4177 1050 4230 den
1066 4176 1140 4230 Plus.
1158 4176 1188 4230 in
1206 4176 1258 4229 den
1272 4175 1346 4244 Sing.
1365 4176 1518 4240 verindert,

212 4259 248 4312 da
275 4259 362 4314 dieser
387 4259 510 4315 nuchhar
535 4259 698 4316 wiederholt
723 4261 779 4315 und
804 4259 999 4316 insbesondere
1025 4261 1053 4315 in
1077 4261 1130 4315 deu
1156 4260 1246 4330 gleich
1272 4259 1518 4329 darauifolgenden

213 4343 263 4398 aui
278 4345 393 4398 Marcus'
412 4333 570 4416 hueserung
586 4347 681 4415 Bazug
697 4345 870 4400 nahmenden
889 4345 1005 4400 Worten
1028 4345 1075 4399 des
1098 4344 1279 4398 Adamantius
1302 4344 1454 4413 gebraucht
1475 4345 1518 4410 ist,

212 4428 248 4482 da
266 4427 314 4483 der
331 4447 370 4499 gr.
389 4430 419 4486 Τ.
437 4429 604 4501 εὐαγγελίου
620 4433 682 4496 hat,
708 4430 765 4484 und
788 4431 824 4484 da
846 4429 955 4483 endlich
979 4430 1023 4484 die
1040 4429 1221 4484 Marcioniten
1239 4428 1271 4498 ja
1293 4445 1345 4480 nur
1365 4429 1411 4480 eiu
1429 4429 1517 4482 Even-

212 4513 316 4583 gelinm
337 4515 435 4570 hatten
458 4516 462 4581 Ι
488 4515 524 4570 19
545 4514 610 4570 (iod.
635 4515 764 4583 lingendus
786 4513 838 4568 mit
859 4513 949 4569 einem
972 4515 1059 4569 Strich
1082 4515 1169 4568 unten
1191 4511 1248 4567 und
1271 4519 1313 4580 (w.
1333 4529 1356 4568 e.
1374 4513 1437 4578 sch,
1464 4532 1519 4568 von

211 4601 332 4668 spaterer
348 4599 442 4668 Hand)
460 4599 524 4652 bant
540 4599 608 4655 {lber
624 4604 695 4653 cretes
719 4601 723 4668 Ι
747 4599 784 4654 20
801 4599 851 4652 Est
873 4598 944 4653 fehlt
960 4599 998 4653 im
1016 4597 1081 4653 eod.
1103 4601 1106 4666 Ι
1128 4596 1176 4666 (28
1195 4601 1312 4665 pessunt
1328 4596 1366 4651 ist
1382 4597 1456 4652 wohl
1475 4597 1519 4652 ein

211 4683 393 4738 Druckfehlar
410 4683 455 4739 bei
473 4683 592 4755 Caepari.
610 4715 645 4724 -
662 4685 703 4752 B).
