3744 5524
227 495 337 566 Caspari
354 495 380 548 11
399 511 423 550 c.
440 497 481 553 20.
820 496 929 568 Dialog.
1469 506 1526 568 1⁰9

226 667 312 748 quod
326 664 561 749 euangelizatur
582 665 729 750 gentibus
744 687 800 749 per
813 664 961 747 Paulum,
979 672 1138 752 quomodo
1160 692 1224 735 non
1237 667 1356 734 Paulus
1379 669 1527 734 creatoris

226 763 276 828 dei
301 763 444 830 minister
469 770 529 846 est,
557 765 613 850 qui
638 767 821 831 abscondita
846 767 996 849 mysteria
1021 769 1168 853 gentibus
1197 769 1333 834 mittitur
1362 768 1527 834 nuntiare?

226 863 288 928 Sed
314 869 346 930 et
371 866 474 930 adhuc
499 865 635 950 amplius
656 865 759 950 legem
786 865 967 932 collaudans
991 872 1022 934 at
1042 873 1209 953 praecepte
1230 868 1309 949 eius,
1340 869 1396 934 ait:
1425 873 1528 950 Itaque

226 969 270 1028 lex
291 969 410 1046 quidem
430 975 540 1044 comto,
561 976 588 1030 et
606 971 785 1030 metridatem
806 977 943 1032 sanctum
963 978 990 1031 et
1009 972 1129 1032 iustum
1142 978 1168 1032 et
1189 973 1309 1034 booron.
1342 965 1388 1032 Et
1400 967 1527 1032 iterum:

193 1077 209 1131 5
230 1067 267 1128 Ut
281 1075 434 1146 peccatum
448 1075 587 1148 appareat
598 1075 759 1147 peccatum,
772 1089 828 1148 per
841 1071 953 1131 boreum
966 1071 1044 1132 mihi
1057 1077 1211 1149 operatum
1224 1078 1267 1132 ast
1279 1077 1412 1133 mortem.
1448 1067 1527 1133 Cum

224 1163 323 1248 igitur
343 1163 461 1230 bonum
483 1187 550 1230 esse
572 1164 657 1230 dicat
677 1164 758 1249 legis
772 1168 963 1245 mandatum,
984 1189 1088 1232 nonne
1103 1168 1279 1233 necessario
1293 1167 1395 1232 bonus
1409 1166 1528 1231 iudica-

115 1317 118 1324 .
224 1263 310 1330 bitur
325 1265 420 1328 etiam
435 1263 513 1349 legis
528 1263 630 1330 lator?
669 1263 841 1349 Siquidem,
862 1270 898 1331 ut
920 1267 1015 1332 etiam
1033 1289 1092 1332 uos
1112 1265 1224 1345 dicitis,
1247 1268 1285 1330 de
1308 1267 1413 1331 fructu
1435 1265 1529 1332 arbor

226 1364 434 1448 cognoscitur.
468 1363 512 1430 Et
529 1366 644 1430 iterum
659 1363 749 1430 dicit:
775 1369 968 1430 Oirmmrcisio
990 1371 1109 1448 quedem
1125 1371 1253 1448 prodest,
1274 1371 1304 1430 ae'
1324 1370 1413 1447 leuem
1431 1376 1528 1430 cresto

225 1468 299 1530 diae.
334 1463 456 1541 Quodsi
476 1463 674 1529 circumcisio
695 1467 825 1546 prodest
843 1463 947 1548 legem
968 1465 1167 1540 custodienti,
1186 1466 1254 1531 sine
1276 1465 1373 1531 dubio
1393 1467 1478 1530 bona
1499 1465 1528 1529 ei

176 1581 293 1636 lecese
315 1567 347 1628 et
365 1563 453 1628 utilis
471 1565 640 1641 inuenitur,
663 1565 738 1646 quia
759 1567 844 1647 quod
865 1565 943 1630 utile
965 1571 1013 1630 est
1034 1566 1129 1631 etiam
1147 1567 1266 1630 bonum
1290 1564 1385 1630 simul
1406 1563 1529 1630 intelle·

226 1664 319 1748 gitur.
355 1661 417 1728 Sed
438 1668 470 1729 et
490 1686 546 1747 per
559 1663 693 1746 Moysen
714 1665 787 1727 data
805 1668 852 1728 est
866 1664 984 1747 populo
999 1663 1096 1730 Israel
1112 1674 1207 1746 petra,
1227 1670 1283 1746 qui
1302 1674 1365 1730 erat
1381 1667 1528 1742 OEzmstcc,

226 1767 262 1828 ut
285 1763 403 1828 Paulus
429 1764 652 1846 interpretatus
679 1767 734 1827 est
777 1761 860 1838 Quid
891 1763 935 1829 eis
964 1764 1108 1830 uidetur?
1143 1762 1271 1845 Nonne,
1301 1763 1330 1828 si
1353 1766 1456 1829 bonus
1482 1766 1530 1827 est

226 1862 368 1928 Christus
390 1865 420 1928 et
442 1861 584 1927 Christus
607 1866 673 1926 erat
692 1866 794 1946 petra,
822 1863 997 1929 necessario
1025 1863 1120 1928 etiam
1140 1863 1195 1928 ilie
1221 1863 1278 1947 qui
1299 1862 1386 1927 dedit
1406 1865 1529 1946 petram

224 1962 326 2027 bonus
347 1955 550 2046 intellegitur.
592 1959 682 2026 Tunc
704 1960 815 2027 deinde
837 1965 897 2043 [de]
919 1962 989 2046 ipsa
1009 1963 1185 2028 substantia
1207 1965 1380 2041 creaturae,
1405 1962 1440 2026 in
1466 1982 1529 2045 qua

175 2076 208 2130 15
225 2066 420 2128 sacramenia
455 2061 591 2126 confecit
621 2060 764 2128 Christus
799 2067 831 2127 et
860 2063 1023 2146 signacula
1053 2063 1193 2146 corporis
1223 2063 1273 2127 sui
1303 2061 1528 2146 sanguinisque

226 2162 378 2246 designat,
399 2183 502 2225 nonne
524 2160 688 2226 materiam
710 2161 850 2244 corporis
872 2160 1001 2244 spiritus
1021 2162 1120 2228 sancti
1141 2161 1310 2247 largitione
1332 2160 1529 2226 sanctificat?

224 2260 268 2325 Et
293 2283 373 2344 quae
401 2262 482 2324 esset
508 2259 641 2324 societas
671 2260 751 2326 lucis
778 2264 819 2325 ad
843 2260 1000 2340 tenebras,
1031 2263 1071 2332 si,
1084 2261 1212 2326 alterius
1242 2265 1324 2326 esset
1348 2261 1418 2343 ipsa
1448 2281 1529 2343 quse

225 2359 439 2426 sanctificatur
456 2359 632 2424 substantia
651 2360 820 2426 creatoris?
850 2359 911 2426 Sed
930 2365 962 2424 et
981 2363 1067 2445 quod
1084 2361 1176 2426 dixit:
1197 2365 1351 2426 Dominus
1369 2365 1530 2441 respiciens

223 2465 260 2524 io
279 2463 390 2524 eoelum
408 2464 522 2540 gratim
542 2463 607 2540 egit,
627 2494 670 2506 —
691 2459 743 2525 cui
757 2459 874 2544 gratias
889 2461 976 2544 agit?
1011 2458 1126 2525 Nonne
1141 2460 1282 2540 creatori,
1297 2459 1386 2524 cuius
1401 2458 1531 2542 respicit

174 2569 209 2626 20
225 2559 368 2624 coelum?

306 2657 395 2716 Marc.
417 2655 457 2716 d:
487 2648 557 2716 Nos
584 2653 622 2714 de
643 2650 788 2734 apostolo
816 2655 848 2716 et
869 2649 1034 2734 euangelio
1061 2650 1227 2716 didicimus
1250 2655 1281 2714 et
1302 2653 1474 2714 creatorem
1496 2653 1528 2714 et

225 2753 381 2816 creaturas
403 2751 470 2814 eius
491 2749 599 2815 malas.

307 2854 362 2916 Ad
383 2853 423 2915 d:
445 2847 532 2926 Quae
554 2847 698 2914 Christus
720 2848 797 2914 dicit
817 2850 901 2914 bona
921 2853 957 2915 tu
979 2849 1058 2916 dicis
1079 2849 1170 2914 mela

309 2951 463 3015 Marad:
492 2946 568 3014 Non
595 2948 672 3014 dicit
701 2951 821 3015 bonum
852 2971 919 3014 esse
948 2952 1101 3014 mundum
1126 2970 1229 3032 neque
1259 2951 1417 3014 creaturus
1448 2969 1528 3031 quaa

174 3063 208 3120 25
224 3049 258 3114 in
284 3071 321 3115 eo
347 3052 430 3124 sunt
471 3048 529 3114 Ait
554 3047 650 3114 enim:
682 3053 719 3114 Si
746 3054 847 3114 ascetis
873 3054 907 3114 de
927 3055 981 3114 hoc
1005 3053 1131 3130 mundo,
1160 3053 1295 3113 mundus
1319 3052 1422 3130 otique
1452 3052 1530 3128 qood

224 3171 317 3214 mom
337 3157 409 3214 meet
430 3158 551 3214 amaret.

309 3332 355 3398 617
376 3329 442 3386 cos.
459 3331 604 3386 iudicatur.
631 3348 671 3401 gr.
690 3327 957 3402 ὁμολογηθήσεταιΙ
976 3332 990 3386 7
1010 3331 1076 3388 God.
1094 3332 1179 3387 etiam
1196 3333 1234 3386 ut
1270 3331 1335 3402 Vgl.
1356 3331 1401 3387 die
1420 3331 1528 3388 Worte:

227 3433 305 3471 »cum
326 3419 351 3470 et
372 3416 522 3469 secundum
543 3431 594 3470 uos
616 3415 698 3469 arbor
721 3431 753 3468 ec
777 3414 915 3483 fructibus
940 3421 1120 3484 agnoscatur«
1145 3415 1218 3472 weit.
1239 3419 1298 3472 unt
1322 3434 1380 3488 cap.
1398 3419 1440 3473 21.
1476 3416 1531 3471 Der

225 3500 429 3557 Schneiberhat-
440 3501 515 3556 wohl
526 3516 681 3571 vergesssn,
699 3498 759 3555 sein
779 3499 827 3554 ›b‹
846 3499 904 3555 nnd
923 3518 970 3555 ›a‹
989 3501 1057 3556 uber
1076 3501 1190 3556 ›etiam‹
1210 3500 1267 3555 und
1286 3505 1347 3556 ›ut‹
1367 3519 1400 3556 zu
1417 3502 1531 3570 eetzent

226 3587 266 3642 lo
284 3585 396 3657 (turpari
413 3583 473 3640 will
493 3588 537 3640 »et
553 3583 644 3639 utilis«
667 3583 739 3638 ohne
757 3583 957 3640 surcichenden
969 3585 1064 3640 Grund
1082 3583 1226 3640 streichen.
1245 3615 1278 3625 -
1297 3586 1394 3654 13112
1413 3584 1445 3656 si]
1464 3584 1531 3640 God.

225 3670 285 3725 sibi.
322 3669 434 3740 Caspari
456 3669 555 3735 meiat,
582 3669 663 3722 uuter
684 3668 827 3739 Berufinng
847 3669 897 3723 auf
919 3669 1108 3725 »uoluntatem
1125 3687 1218 3724 suam«
1237 3671 1250 3724 1
1268 3687 1291 3724 o.
1308 3672 1338 3738 4,
1365 3669 1427 3724 dass
1447 3668 1529 3725 »sibi«

225 3756 285 3811 hier
302 3757 372 3810 statt
390 3753 459 3809 ›eis‹
479 3755 632 3826 gebraucht
649 3753 700 3820 sai;
718 3770 748 3807 er
763 3752 838 3807 lieet:
857 3753 954 3808 Nonne
971 3753 1027 3807 eibi
1043 3753 1128 3807 tonas
1145 3759 1185 3808 eet
1201 3752 1348 3810 Otr-estus?
1364 3759 1390 3809 at
1405 3753 1532 3810 Otristus

225 3845 283 3894 erat
297 3844 386 3909 petra
416 3838 579 3893 Necessario
597 3838 682 3892 etium
699 3838 759 3902 cet,
777 3837 835 3892 und
851 3837 990 3894 bamerkt:
1009 3838 1067 3893 Vor
1080 3837 1269 3894 »Necessario«
1289 3837 1418 3894 scheinen
1435 3837 1533 3892 Wortc

225 3924 290 3979 wie:
311 3923 356 3978 ‚si
366 3940 433 3978 uero
444 3923 520 3978 bona
531 3924 591 3977 erat
601 3925 694 3992 petra«
715 3921 886 3992 anagefallen
904 3940 938 3977 zu
949 3922 1016 3977 sein.
1046 3921 1139 3978 Durch
1156 3923 1201 3978 die
1212 3910 1363 3993 {indenung
1374 3938 1429 3977 von
1449 3920 1531 3975 »eibi«

226 4009 256 4064 in
278 4008 331 4062 »si«
355 4007 425 4062 wind
447 4007 505 4062 dies
528 4005 654 4077 unndtig.
671 4007 746 4060 —B
770 4007 775 4074 Ι
798 4006 836 4063 14
858 4006 956 4063 deinde
978 4007 1038 4080 ipsa
1055 4007 1218 4077 substantia]
1238 4006 1303 4063 cod
1324 4007 1374 4061 »de
1394 4006 1455 4076 ipsa
1471 4005 1533 4060 sub·

227 4093 331 4149 stantia
347 4093 444 4147 deside«
463 4092 515 4146 mit
536 4091 584 4146 »b«
604 4091 672 4145 uber
691 4091 779 4161 »ipsa«
799 4091 856 4146 und
876 4109 922 4146 »a«
940 4092 1010 4146 uber
1027 4092 1116 4159 deide,
1134 4091 1160 4146 d.
1172 4093 1200 4149 h.
1217 4111 1251 4148 w.
1269 4109 1291 4146 e.
1310 4092 1366 4145 sch.
1383 4089 1483 4145 deinde
1500 4089 1535 4144 de

226 4179 286 4250 ipsa
298 4177 460 4232 substantia.
485 4176 608 4246 Caepari:
628 4175 704 4230 Tunc
718 4174 817 4230 deinde
829 4175 863 4230 da
874 4176 933 4247 ipsa
945 4207 978 4216 -
992 4175 1125 4248 designat.
1150 4175 1248 4232 Nonne
1259 4173 1403 4230 materiam
1415 4192 1441 4228 u.
1453 4193 1474 4229 s.
1486 4192 1534 4238 w.;

227 4281 257 4318 er
273 4263 335 4317 hale
352 4261 397 4317 die
414 4261 499 4317 Stelle
521 4261 565 4315 fiir
586 4259 747 4316 verdorben.
781 4259 829 4314 Ich
851 4261 925 4316 haba
945 4261 1008 4315 »de«
1028 4259 1264 4331 eingeklammert.
1302 4258 1480 4330 »signacula«
1499 4258 1536 4313 ist

228 4347 302 4403 wohl
318 4345 436 4416 richtige
454 4345 603 4416 Conjectnr
621 4344 747 4414 Casperia
764 4345 834 4399 statt
853 4345 976 4415 ’singule
994 4361 1051 4412 ac«,
1069 4362 1126 4399 was
1144 4344 1193 4399 der
1210 4344 1275 4400 cod
1293 4343 1387 4400 bietet.
1415 4342 1467 4398 Die
1484 4344 1534 4398 Be·

227 4429 415 4501 weufflhrung
435 4431 474 4485 ist
493 4429 597 4500 jedoch
619 4447 655 4484 m.
674 4428 705 4483 Ε.
723 4428 801 4484 nicht
818 4428 888 4484 klar.
905 4431 974 4484 —B
998 4431 1002 4498 Ι
1028 4430 1064 4486 17
1084 4428 1150 4484 God.
1171 4428 1241 4483 lucis
1263 4428 1391 4496 sociates,
1414 4428 1467 4482 mit
1485 4429 1533 4483 ›b‹

227 4516 296 4570 fiber
315 4515 413 4569 »lucis«
434 4514 490 4569 und
510 4532 555 4568 sa«
575 4515 644 4569 {lber
663 4513 810 4569 »societas«
824 4515 833 4582 tt
848 4514 886 4570 21
906 4513 972 4569 cod.
991 4513 1150 4585 euangeliis.
1180 4513 1242 4584 Vgl.
1255 4514 1282 4568 11
1299 4515 1368 4570 e10
1383 4515 1387 4581 Ι
1403 4513 1443 4570 25
1461 4513 1535 4584 sunt]

229 4599 295 4655 cod
313 4601 362 4654 est.
391 4599 458 4655 Man
474 4600 580 4655 konnte
598 4600 668 4654 auch
688 4601 856 4654 »creaturam
869 4603 994 4654 ...ess-
1013 4599 1098 4663 lesen,
1116 4615 1173 4653 was
1185 4615 1239 4653 von
1252 4597 1363 4670 Caspari
1381 4597 1537 4653 bezweifelt

229 4682 307 4740 viru.
325 4713 358 4724 -
376 4686 408 4740 B.
