3708 5528
386 484 427 546 26
926 475 1117 533 Adamantius.
1349 475 1390 529 De
1407 474 1437 528 1ο
1453 475 1511 529 Rue
1529 476 1541 528 I
1559 475 1698 531 8126-0.

387 635 497 730 μάσαι,
521 646 673 722 Μωσέως
696 668 733 710 τε
754 645 811 709 καὶ
832 643 895 708 τοῦ
918 644 1077 724 Χριστοῦ,
1104 645 1159 709 καὶ
1181 637 1241 708 ἐὰν
1262 643 1324 727 μέν
1345 630 1466 726 ὅμοιαι,
1489 629 1526 708 εὖ
1548 635 1696 726 ἀνέχοι,

387 744 416 810 εί
438 744 473 808 δὲ
499 742 648 811 ἐναντίαι
674 737 761 827 πρὸς
782 734 966 827 ἀλλήλους,
994 735 1222 809 ἀποδεικτέον.
1264 743 1319 805 καὶ
1342 733 1362 826 ή
1385 742 1536 819 Μωσέως
1557 737 1620 826 γάρ
1642 740 1698 808 έκ-

387 862 481 920 τασις
502 846 577 910 τών
596 847 720 928 χειρών
742 837 806 910 τόν
828 837 912 908 λαὸν
934 837 1058 908 πιστόν
1079 843 1130 926 τῷ
1154 842 1224 926 θεῷ
1249 839 1365 918 ἔσωσε,
1389 835 1470 918 τοῦς
1492 841 1526 906 δὲ
1548 835 1694 907 ῦπεναν·

353 945 478 1020 ντίους
505 933 671 1020 ἀπώλεσε,
702 945 757 1009 καὶ
785 932 805 1026 ή
832 943 894 1008 τοῦ
919 943 1069 1024 Χριστοῦ
1095 930 1208 1019 οῦτως
1234 940 1398 1024 ἐποίησεν,
1440 941 1468 1005 εί
1493 942 1555 1024 μὲν
1582 929 1644 1006 οῦν
1670 934 1694 1024 ή

351 1039 367 1091 5
385 1039 517 1119 έκτασις
538 1045 613 1108 τών
633 1045 755 1127 χειρών
777 1041 841 1107 τοῦ
859 1041 1010 1121 Χριστοῦ
1031 1032 1162 1118 πάντας
1184 1037 1297 1118 ἔσωσε,
1320 1032 1461 1117 πιστούς
1483 1061 1520 1104 τε
1541 1043 1597 1105 καὶ
1616 1032 1695 1105 ἀπί·

384 1158 487 1219 στους
508 1144 563 1207 καὶ
586 1155 701 1223 φονεῖς
721 1143 777 1206 καὶ
798 1134 944 1225 μοιχούς,
968 1141 1076 1217 δοκεῖς
1098 1163 1132 1206 τι
1154 1141 1274 1222 λέγειν·
1298 1137 1325 1204 εί
1347 1140 1382 1203 δὲ
1397 1137 1429 1203 οί
1450 1133 1693 1217 πιστεύσαντες

384 1241 444 1323 μὲν
477 1232 571 1326 αὐτῷ
604 1235 796 1323 ἐσώθησαν,
829 1237 860 1306 οί
893 1241 927 1305 δέ
959 1231 1205 1324 ἀπιστήσαντες
1234 1230 1328 1322 αὐτῷ
1360 1229 1561 1318 ἀπώλοντο,
1593 1231 1642 1317 ώς
1671 1231 1693 1304 6

383 1329 536 1424 Ἀμαλέκ,
567 1343 600 1405 τί
630 1339 804 1418 ἐναντίον,·
831 1340 886 1404 καὶ
916 1332 979 1422 γάρ
1009 1333 1093 1421 μετὰ
1124 1333 1189 1422 τήν
1215 1335 1350 1403 ἔκτασιν
1381 1339 1454 1402 τών
1479 1341 1601 1420 χειρῶν
1628 1340 1694 1404 τοῦ

385 1441 535 1520 Χριστοῦ
564 1443 639 1505 τών
668 1431 822 1505 ἀπίστων
851 1441 908 1504 καὶ
940 1429 959 1502 6
992 1432 1073 1515 ναὸς
1101 1440 1156 1504 καὶ
1188 1429 1208 1522 ή
1240 1431 1340 1513 πόλις
1369 1429 1599 1521 κατεστράφη,
1635 1439 1689 1502 καὶ

334 1541 367 1595 10
384 1529 545 1621 διεσπάρη
574 1529 592 1604 δ
619 1530 702 1613 λαός
728 1541 784 1604 καὶ
810 1529 977 1604 ἀπώλετο.
1022 1528 1120 1622 ὁμοία
1147 1541 1265 1604 τοίνυν
1292 1535 1383 1602 ἐστὶν
1412 1528 1433 1618 ή
1460 1533 1591 1612 ἔντασις
1617 1539 1693 1601 τών

382 1640 505 1719 χειρῶν
532 1628 749 1720 ἀμφοτέρων,
780 1631 1001 1721 προτῦπωσις
1027 1638 1090 1702 τοῦ
1117 1637 1267 1718 Χριστοῦ
1294 1627 1313 1720 ή
1339 1636 1491 1712 Μωσέως
1517 1637 1690 1719 γενομένη·

385 1730 488 1818 ἀμφω
510 1731 573 1820 γάρ
595 1731 676 1815 τοῦς
697 1739 757 1822 μὲν
778 1732 919 1813 πιστοῦς
941 1735 1080 1816 ἔσωσαν,
1104 1732 1184 1814 τούς
1207 1736 1241 1802 δέ
1264 1727 1426 1811 ἀπίστους
1448 1725 1637 1800 ἀπώλεσαν.

467 1838 570 1899 ΜΕΓ.
616 1828 684 1902 Οῦκ
706 1835 797 1902 ἐστιν
819 1836 894 1903 ἰ’σον
916 1828 993 1902 οῦδὲ
1015 1825 1144 1920 ὅμοιον.

349 1945 366 1998 d
467 1937 587 1999 ΕΧΊΡ.
632 1937 746 2014 Δοκεῑς
766 1959 823 2020 μοι
844 1929 889 2020 μή
912 1950 1004 2001 νοεῖν
1025 1933 1068 2002 τά
1090 1929 1267 2020 λεγόμενα·
1300 1926 1381 2000 τότε
1402 1926 1581 2017 γάρδοκεῖ
1599 1932 1689 1996 διαλ-

334 2043 366 2096 15
385 2025 532 2106 λάττειν,
554 2023 688 2100 ὁπόταν
709 2026 728 2099 6
752 2031 797 2112 είς
812 2030 891 2111 τοῦς
905 2030 1047 2112 πιστοὺς
1063 2031 1164 2117 σώση,
1188 2027 1206 2100 6
1229 2036 1265 2099 δε
1288 2030 1401 2114 έτερος
1423 2025 1503 2108 τοῦς
1518 2022 1688 2109 ἀπίστους.

384 2122 584 2215 Ἀμφότεροι
606 2135 642 2199 δὲ
664 2125 876 2216 εῦρίσκονται
899 2128 938 2200 τό
960 2127 1046 2200 αὐτὸ
1068 2157 1224 2217 πραττοι
1227 2152 1294 2212 τες
1325 2126 1424 2199 οὐδὲν
1449 2129 1512 2195 οῦν
1535 2125 1575 2196 τό
1597 2123 1688 2197 ἀντί-

384 2254 521 2298 πιπτον.
564 2232 639 2316 λέγε
661 2231 690 2296 εί
710 2255 743 2298 τι
766 2230 920 2317 ἕτερον’
904 2257 994 2316 εχεις.

466 2738 570 2801 ΜΕΓ.
604 2725 637 2798 ‘0
652 2735 688 2800 ἐν
703 2736 753 2819 τῷ
774 2726 867 2820 νόμῳ
883 2727 997 2817 κύριος
1012 2735 1113 2819 λέγει·
1136 2727 1353 2821 ἀγαπήσεις
1375 2728 1448 2802 τὸν
1470 2728 1688 2823 ἀγαπώντά

384 2855 437 2913 σε,
459 2838 524 2901 καὶ
545 2827 723 2920 μισήσεις
744 2828 816 2901 τόν
838 2827 987 2918 ἐχθρόν
1008 2853 1092 2900 σον·
1115 2825 1133 2900 6
1157 2835 1192 2900 δὲ
1212 2828 1326 2915 κύριος
1346 2826 1452 2920 ήμών,
1474 2829 1604 2921 ἀγαθός
1626 2827 1686 2913 ών,

331 2949 365 3006 20
384 2934 482 3016 λέγει·
513 2926 691 3016 ἀγαπᾶτε
723 2929 817 3013 τούς
849 2927 1019 3018 ἐχθροὺς
1049 2926 1160 3017 ῦμιῦν
1189 2936 1253 2998 καὶ
1284 2925 1446 3017 εῦχεσθε
1477 2929 1579 3018 ὑπὲρ
1604 2937 1688 3000 τών

383 3024 663 3099 διωκόντων(
642 3035 746 3117 υμᾶς.

464 3134 530 3197 ΑΔ.
561 3133 602 3198 Εἰ
615 3128 727 3216 μέν
689 3155 753 3216 γαρ
768 3126 861 3198 ἐν’
820 3155 915 3217 μονῳ
931 3155 982 3217 τῳ
965 3122 1212 3226 ”εῦαγγελίφ”
1197 3157 1317 3204 εκειτο
1340 3137 1455 3213 καλώς
1470 3132 1595 3215 ἔλεξας·
1611 3131 1639 3198 εί
1653 3133 1688 3200 δε

382 3233 436 3296 καὶ
459 3232 563 3317 ἐντῷ
579 3224 672 3317 νόμῳ
692 3223 885 3315 εὑρίσκομεν
900 3198 1153 3315 διεόταλμένον·
1175 3225 1245 3298 ἐὰν
1266 3231 1365 3314 ίδης,
1388 3236 1477 3318 φησί,
1500 3228 1572 3299 τὸν
1593 3234 1689 3314 βοῦν

348 3323 628 3417 ερεμβόμενον
653 3333 725 3399 τοῦ
752 3331 898 3415 ἐχθροῦ
926 3348 1008 3410 σου,
1040 3324 1111 3397 οῦκ
1140 3324 1267 3408 ἐάσεις
1293 3324 1418 3399 αὐτὸν
1447 3325 1688 3400 ἀπολέσθαι·

331 3433 364 3487 25
383 3423 530 3512 ἀνάξας
556 3424 780 3508 ἀποδώσεις
810 3423 917 3516 αὐτῷ
945 3423 1018 3496 τόν
1045 3432 1141 3512 βοῦν
1167 3423 1299 3496 αὐτοῦ.
1341 3434 1396 3497 καὶ
1423 3426 1529 3499 πάλιν
1555 3426 1688 3514 φάσκει·

383 3554 450 3595 εαν
475 3528 561 3613 ἲδης
587 3555 659 3597 τον
685 3553 781 3596 ονον
807 3553 879 3596 του
905 3530 1052 3612 ἐχθροῦ
1079 3529 1218 3596 σουέν
1199 3533 1292 3648 666
1320 3521 1398 3616 666
1423 3524 1612 3613 πεσόντα,
1643 3524 1689 3596 06

381 3621 746 3746 μηάντιπαρέλθης
767 3621 907 3710 αάτόν,
932 3621 1365 3712 έωςέπάραςγομώσης
1381 3624 1452 3696 τὸν
1475 3620 1578 3697 δνον.
1615 3623 1688 3698 ἀλλ’

383 3727 444 3796 οῦν
467 3753 502 3815 γε
524 3719 619 3796 καὶ0
601 3754 659 3797 οτε
682 3719 701 3795 6
723 3723 805 3808 λαὸς
827 3728 976 3814 ἐπῆλθεν
996 3720 1127 3795 ἀνελεῖν
1143 3730 1266 3795 Μωσέα
1287 3733 1342 3795 καὶ
1358 3730 1551 3798 ἐπεσκίασεν
1572 3721 1688 3815 ήδόξα

467 3903 984 3972 186161Lev.19.18‚Mt.5:43.-
1013 3901 1110 3970 2061]
1136 3901 1341 3956 Mt.5:44.—
1364 3901 1485 3972 28-25]
1508 3903 1689 3965 61062324.

382 3987 461 4041 Deu6
474 3990 519 4043 22:
534 3993 556 4042 1.
575 4018 607 4027 -
626 3987 725 4057 2627]
744 3986 831 4042 Exod.
844 3988 890 4042 23:
903 3989 927 4041 5.
945 4016 978 4024 -
997 3985 1046 4054 28]
1064 3985 1143 4038 Num.
1157 3987 1201 4041 16:
1215 3987 1324 4042 41-43.

467 4129 484 4184 2
505 4126 678 4186 ἀποδεκτέον
695 4125 801 4194 AEFH,
818 4127 866 4181 καί
884 4123 932 4181 ἀπ.
951 4125 1005 4190 FH,
1023 4125 1087 4180 inF
1105 4127 1156 4180 mit
1174 4127 1231 4181 droi
1243 4127 1371 4182 Punkten
1389 4130 1468 4182 παίει
1485 4129 1533 4182 καί
1548 4129 1552 4195 Ι
1568 4129 1588 4185 4
1605 4128 1621 4197 η
1640 4147 1690 4183 vor

382 4209 492 4279 ἐκτασις
509 4224 542 4273 <
560 4212 584 4267 Ι)
608 4213 612 4280 ί
636 4213 654 4269 δ
675 4209 702 4266 οὶ
720 4229 769 4267 vor
786 4227 909 4266 πιστευσ.
927 4221 960 4270 <
978 4211 1015 4265 D¹
1039 4213 1043 4278 Ι
1067 4211 1086 4268 9
1109 4213 1157 4267 καί
1176 4229 1224 4267 vor
1242 4209 1257 4266 6
1275 4209 1345 4277 ναδς
1363 4223 1395 4270 <
1414 4212 1433 4266 C
1458 4217 1462 4278 Ι
1487 4214 1524 4269 11
1548 4212 1688 4283 γενομένη

381 4299 482 4368 Migm,
493 4296 628 4370 γινομένη
638 4296 664 4351 d.
673 4296 742 4350 HSS.
758 4301 763 4362 Ι
780 4297 818 4352 18
832 4293 895 4351 οίιδέ
905 4296 1033 4362 BCDGH,
1047 4291 1112 4352 οάτε
1122 4296 1148 4350 d.
1157 4298 1216 4352 fibr.
1232 4299 1236 4364 Ι
1253 4297 1291 4352 15
1303 4295 1420 4362 πιστοῦς
1431 4297 1539 4352 A²B²c¹
1548 4317 1582 4351 w.
1592 4316 1615 4353 ο.
1624 4299 1687 4356 seh..

381 4383 465 4437 D²FH
483 4383 539 4439 Pio.
557 4383 671 4446 Humfr„
690 4379 812 4445 πολλοὺς
830 4380 856 4433 d.
874 4380 933 4434 iibr.
963 4381 1053 4436 Schon
1065 4381 1177 4435 Wettsh
1190 4383 1341 4436 vermutete
1360 4381 1482 4448 πιστοὺς.
1498 4384 1502 4451 Ι
1518 4382 1555 4438 25
1572 4379 1687 4452 ἀνάξας]

381 4464 497 4533 ἀνοίξας
514 4467 539 4522 d.
558 4467 628 4521 Hss.
648 4466 805 4519 »νσιίιωιιιαι
826 4465 890 4529 Pie„
909 4461 1016 4532 ἀνοίξας
1032 4466 1059 4521 Η
1075 4465 1105 4520 in
1122 4483 1177 4535 mg.
1198 4467 1353 4518 »reduclum
1371 4468 1399 4520 ei
1414 4468 1520 4520 reddes«
1540 4468 1600 4522 Per.
1635 4466 1689 4521 Der

381 4553 455 4605 Verf.
474 4551 521 4606 des
539 4550 610 4606 Dial.
628 4552 705 4605 kann
723 4550 796 4604 diese
814 4549 892 4603 Form
913 4549 1065 4621 gebraueht
1081 4550 1186 4615 haben,
1207 4549 1260 4605 wie
1279 4545 1378 4620 έλειφα
1397 4553 1466 4606 εέείέ
1483 4545 1593 4615 ἔλιπον,
1615 4549 1688 4604 LXX

381 4633 566 4708 ἀποστρέψας
581 4637 585 4703 Ι
601 4636 638 4690 27
659 4630 871 4706 ἀπογομώσηςλ
887 4638 891 4703 Ι
907 4635 946 4691 28
965 4631 981 4688 δ
999 4653 1050 4690 vor
1066 4634 1137 4700 λαὸς
1153 4634 1303 4698 ABCDFIL
1322 4643 1355 4693 <
1373 4635 1398 4688 d.
1417 4635 1476 4689 σοι’.
1494 4653 1520 4692 u.
1539 4635 1565 4691 d.
1583 4639 1688 4706 Ausgg.
