3744 5528
367 477 426 542 182
920 469 1110 525 Adamantius.
1249 469 1290 525 De
1307 469 1336 525 la
1352 470 1411 527 Rue
1428 471 1466 526 IV
1483 472 1672 531 8520-8530.

364 633 509 726 σχήματι
528 642 713 722 βλέπεσθαι
733 653 862 707 νοείται
883 631 1025 717 πάντως
1047 626 1102 705 ότι
1123 627 1313 724 ἀνθρώπου
1332 638 1424 706 ἐστίν
1446 631 1534 720 νίός,·
1553 641 1609 707 καί
1634 644 1671 706 τί

366 741 454 825 λέγω
484 744 562 824 περί
591 731 699 826 μόνου
728 731 912 824 σχήματος;
943 726 997 805 ότι
1028 729 1069 805 ού
1098 728 1207 823 μόνον
1237 741 1288 824 τῷ
1315 732 1457 824 σχήματι
1484 742 1671 823 φαίνονται

365 833 563 924 ἄνθρωποι,
594 830 762 906 ἀλλὰκαὶ
790 842 833 924 τῇ
859 829 969 926 οῦσίρ,
1000 831 1098 922 φύσει
1126 832 1311 923 ἄνθρωποι
1340 827 1447 919 ὄντες.
1491 827 1511 907 ό
1539 863 1578 906 τε
1602 834 1673 924 γάρ

293 952 344 1008 853
364 929 464 1022 Ἀδὰμ
495 939 551 1006 καί
582 929 603 1022 ἦ
629 926 701 1004 Εῦα
728 936 803 1004 υίοί
822 928 1024 1022 ἀνθρώπων
1051 925 1130 1005 οῦτε
1156 929 1309 1023 ῦπῆρχον
1336 926 1415 1006 ούτε
1438 939 1443 1022 Ι
1466 936 1671 1007 ἐκαλοῦντο·

331 1049 348 1102 ὅ
366 1039 395 1105 εί
414 1038 477 1122 μὲν
498 1031 561 1124 γὰρ
583 1039 644 1124 τῆς
665 1028 781 1118 ούσίας
802 1040 876 1104 τῶν
902 1028 1104 1121 ἀνθρώπων
1125 1029 1251 1122 ύπῆρχε
1273 1033 1483 1124 σημαντικὸν
1504 1031 1546 1105 τό
1568 1032 1671 1118 υίός,

365 1137 466 1224 ἐχρῆν
487 1140 542 1204 καὶ
564 1131 629 1205 τόν
650 1127 749 1220 Ἀόάμ
770 1139 826 1204 καί
846 1130 913 1222 τὴν
927 1124 1029 1217 Εὔαν,
1051 1127 1261 1222 ἀνθρώπους
1283 1126 1396 1217 ὄντας,
1417 1132 1510 1216 υίούς
1531 1129 1670 1222 ἀνθρώ-

365 1260 445 1304 πων
466 1241 653 1317 καλείσθαι,
675 1230 757 1316 τούς
779 1260 817 1304 τε
837 1226 1033 1315 πλειστάκις
1053 1235 1091 1302 ἐν
1113 1236 1191 1302 είόει
1210 1239 1266 1303 καί
1288 1227 1446 1321 ὁμοιώσει
1469 1227 1674 1320 ἀνθρώπων

366 1326 480 1421 ἀγίους
509 1326 669 1422 ἀγγέλους
694 1328 892 1422 πεφηνότος
920 1325 1013 1402 οῦτοι
1043 1336 1225 1420 κεχρῆσθαι
1257 1339 1300 1421 τῇ
1329 1329 1416 1416 υίὸς
1445 1327 1674 1420 ἀνθρώπου

365 1435 575 1522 προσηγορίᾳ
597 1432 671 1502 ἔδει.

315 1541 349 1597 10
448 1537 511 1600 ΕῩ
512 1538 570 1600 ΤΡ.
615 1527 662 1602 Ού
684 1528 748 1620 τὴν
770 1525 887 1600 ούσίαν
910 1537 983 1601 τῶν
1008 1525 1208 1617 ἀνθρώπων
1229 1535 1329 1621 δηλοῖ
1352 1527 1426 1620 (τὸ)
1447 1529 1549 1616 υίός,
1580 1526 1672 1602 ἀλλὰ

365 1626 430 1718 τὴν
452 1633 487 1716 ἐξ
509 1623 711 1717 ἀνθρώπων
733 1634 896 1717 γέννησιν.

448 1733 552 1798 ΜΑΡ.
592 1723 675 1816 Ἐγώ
698 1755 782 1818 φημι
804 1719 873 1809 ότι,
902 1724 1016 1817 ῶσπερ
1043 1729 1075 1800 οί
1102 1727 1237 1818 ἄγγελοι
1258 1735 1310 1820 τῷ
1331 1724 1475 1819 Ἀβραάμ
1496 1725 1673 1816 ὤφθησαν

365 1833 421 1896 καί
442 1829 570 1915 ἔφαγον
592 1832 648 1896 καί
670 1829 768 1898 ἔπιον
788 1833 844 1896 καί
866 1822 1049 1917 ώμίλησαν,
1072 1823 1166 1899 οῦτοι
1188 1823 1284 1900 καλό
1307 1826 1463 1919 Χριστός.

450 1931 516 1995 ΑΔ.
552 1923 624 2012 Πρὸ
647 1931 708 2015 τῆς
730 1932 794 1998 τοῦ
815 1932 964 2015 Χριστοῦ
984 1934 1168 2016 παρουσίας
1190 1926 1294 2000 τύποι
1314 1933 1479 2017 ἐγίνοντο,
1501 1926 1673 2019 ἐλθούσης

317 2043 350 2097 15
367 2030 403 2096 δὲ
429 2027 491 2113 τῆς
517 2018 678 2113 ἀληθείας
705 2025 737 2096 οί
765 2023 867 2097 τύποι
893 2024 1090 2117 ἐπαύθησαν
1115 2025 1203 2097 κατὰ
1230 2023 1295 2098 τόν
1314 2022 1520 2101 ἀπόστολον.
1563 2023 1672 2118 ὁγὰρ

329 2121 490 2214 ονόμος
521 2121 610 2194 σκιά
641 2131 723 2195 τῶν
752 2120 991 2214 μελλόντων
1020 2121 1194 2215 ἀγαθῶν.
1237 2132 1266 2196 εί
1296 2117 1358 2198 οῦν
1387 2133 1443 2196 κοί
1473 2121 1493 2198 ό
1520 2126 1672 2216 Χριστὸς

367 2229 523 2305 σκιωόῶς
544 2231 600 2294 καί
623 2230 846 2313 προφητικῶς
866 2232 922 2297 καί
944 2221 1046 2308 αῦτός
1068 2221 1118 2309 ῶς
1137 2226 1169 2297 οί
1184 2223 1320 2315 ἄγγελοι
1334 2216 1451 2314 ἦλθεν,
1474 2224 1584 2298 ἀλλον
1606 2232 1674 2297 νῦν

368 2313 541 2394 οὖνκατὰ
562 2327 597 2394 σέ
610 2327 808 2413 προσδοκᾶν
829 2318 1010 2414 ὀφείλομεν
1030 2319 1180 2415 ἀληθῶς,
1202 2331 1259 2396 καί
1280 2322 1356 2396 υίόν
1368 2321 1561 2414 ἀνθρώπου
1582 2317 1672 2398 όντα

366 2429 424 2494 καί
438 2417 580 2510 ἀληθῶς
595 2418 862 2513 ἀποθνήσκοντα
876 2431 932 2494 καί
946 2422 1169 2513 θαπτόμενον
1182 2429 1238 2495 καί
1259 2422 1470 2516 ἐγειρόμενον
1484 2428 1522 2496 ἐκ
1537 2431 1671 2514 νεκρῶν

317 2533 351 2590 20
368 2528 424 2592 καί
446 2517 615 2612 ἀληθινὴν
634 2530 808 2612 σωτηρίαν
830 2521 989 2595 δώσοντα
1009 2540 1082 2605 τοις
1103 2517 1312 2610 ἀνθρώποις.

452 2626 556 2691 ΜΑΡ.
591 2626 633 2691 El
654 2619 756 2695 τύποι
769 2613 856 2711 ἦσαν
877 2626 941 2693 τοῦ
955 2628 1105 2711 Χριστοῦ
1120 2623 1152 2694 οί
1174 2621 1319 2712 ἄγγελοι,
1341 2629 1417 2707 πῶς
1432 2627 1561 2714 έφαγον
1584 2624 1672 2714 μετὰ

370 2726 433 2791 τοῦ
451 2716 595 2810 Ἀβροάμ
616 2728 672 2792 καί
694 2724 808 2806 ἐπιον;
828 2723 958 2810 ἔφαγον
980 2727 1017 2792 δέ
1039 2717 1178 2811 ἀληθῶς
1198 2717 1221 2810 ἢ
1242 2713 1301 2806 οῦ,·

452 2825 520 2890 ΑΔ.
565 2823 603 2891 Οί
630 2819 778 2910 ἄγγελοι,
809 2819 981 2909 πρότνποι
1009 2817 1182 2911 γενόμενοι
1212 2826 1275 2910 τῆς
1300 2817 1480 2912 ἀληθείας,
1511 2828 1673 2896 τουτέστι

370 2925 434 2993 τοῦ
454 2926 610 3011 σωτῆρος
631 2925 795 3010 Χριστοῦ,
822 2923 951 3010 ἔφαγον
970 2926 1032 3010 μέν
1054 2914 1203 3009 ἀληθῶς,
1230 2915 1384 3007 ούδεμίας
1406 2917 1577 3012 αὐξήσεως
1598 2942 1673 3008 τοις

298 3030 353 3086 25⁰
369 3019 520 3110 σώμασιν
545 3015 662 3090 αύτῶν
688 3025 725 3092 ἐκ
750 3026 812 3111 τῆς
838 3025 971 3110 τροφῆς
996 3024 1273 3110 προσγινομένης·
1304 3017 1418 3108 ῶσπερ
1445 3020 1509 3111 γάρ
1535 3020 1577 3094 τὸ
1603 3027 1672 3113 πῦρ

368 3117 483 3193 πάντα
508 3118 553 3191 τά
578 3119 861 3210 παραβαλλόμενα
887 3126 1058 3192 κατεσθίει
1083 3127 1140 3190 καί
1164 3127 1415 3205 καταναλίσκει,
1443 3113 1535 3192 οῦτω
1561 3125 1673 3192 καλοί

369 3218 505 3310 ἀγγελοι
525 3217 612 3307 μετὰ
632 3224 696 3290 τοῦ
715 3214 872 3309 Ἁβραάμ,
898 3220 1018 3302 καθώς
1043 3225 1099 3289 καί
1122 3213 1141 3290 ό
1162 3214 1357 3303 ἀπόστολος
1379 3217 1514 3308 φάσκει·
1544 3225 1673 3290 ταῦτα

368 3326 439 3409 μὲν
465 3317 586 3390 τύποι
607 3323 845 3401 συνέβαινον
869 3321 1055 3403 ἐκείνοις,
1085 3315 1238 3409 ἐγράφη
1264 3325 1305 3392 δέ
1330 3318 1432 3408 πρὸς
1454 3326 1673 3391 νουθεσίαν

370 3415 481 3510 ἡμῶν
502 3423 557 3501 είς
579 3413 647 3502 οῦς
669 3417 717 3490 τὰ
739 3423 834 3508 τέλη
856 3427 941 3491 τῶν
962 3419 1127 3510 αίώνΙων
1147 3416 1412 3511 κατήντησεν.

318 3523 352 3578 ³0
453 3524 574 3589 ΕΧΤΡ.
606 3512 640 3588 ‘0
655 3512 858 3603 ἀπόστολος,
881 3515 929 3602 ώς
950 3520 1059 3609 ἔμοιγε
1075 3525 1175 3604 δοκεῖ,
1198 3517 1365 3590 οκιάνκαὶ
1385 3516 1499 3592 τύπον
1520 3523 1673 3609 ἐμφαίνει

369 3615 556 3709 μελλούσης
578 3612 750 3707 ἀληθείας,
772 3610 813 3708 ἧς
833 3625 889 3690 καί
911 3616 1063 3709 σχήματα
1083 3616 1260 3708 γεγόνασιν
1274 3623 1307 3691 οί
1321 3617 1466 3709 ἄγγελοι.
1501 3611 1538 3690 εῦ
1552 3646 1589 3708 γε
1611 3610 1673 3691 ούν

370 3724 426 3788 καί
447 3723 562 3800 καλῶς
583 3715 750 3807 στοιχήσει
771 3725 823 3810 τῷ
845 3714 1066 3810 ἀποστολικῷ
1081 3715 1249 3808 γράμματι
1270 3714 1291 3808 ἡ
1313 3725 1387 3790 τῶν
1402 3713 1555 3808 ἀγγέλων
1570 3719 1673 3790 είκών

371 3824 427 3888 καί
454 3814 569 3900 τύπος.
612 3823 640 3889 εί
666 3813 695 3890 δ’
722 3815 836 3909 ῶσπερ
863 3822 895 3890 οί
921 3817 1058 3908 ἄγγελοι
1084 3811 1177 3890 οῦτω
1206 3824 1261 3888 καί
1287 3812 1307 3890 ό
1335 3817 1484 3907 Χριστὸς
1509 3824 1672 3908 πέφηνεν,

457 3971 506 4044 18]
523 3972 605 4028 Hebr.
617 3975 662 4030 1οι
674 3977 699 4030 1.
716 4004 750 4013 -
768 3973 892 4045 81-88]
912 3977 926 4029 1
940 3973 1001 4029 Cor.
1015 3974 1114 4030 10211.

372 4091 506 4158 Βοίεείωι,
527 4089 589 4145 dm
606 4091 655 4146 der
671 4091 759 4148 Name
778 4087 853 4157 »υίίς
870 4097 921 4146 τοῦ
939 4087 1111 4164 ἀνθρώπονι
1130 4089 1209 4146 nicht
1224 4091 1338 4161 besage,
1357 4091 1419 4146 dm
1437 4091 1500 4147 Chr.
1519 4107 1568 4146 aus
1585 4089 1673 4146 einem

372 4175 521 4231 Mennehen
538 4173 658 4246 geboren
676 4174 723 4244 soi,
741 4175 860 4231 sondern
878 4173 941 4230 dass
959 4192 988 4230 er
1005 4175 1066 4231 eine
1082 4175 1267 4231 menschlicho
1285 4175 1394 4231 (ίεείεὶί
1411 4176 1517 4247 gehabt
1533 4173 1614 4230 habe.

457 4293 498 4350 1⁰
515 4291 547 4348 τό
565 4301 599 4353 <
616 4293 641 4349 d.
660 4293 731 4350 ΗΒΕ.
751 4294 756 4360 Ι
781 4291 819 4350 14
836 4289 969 4365 ἐγένοντο
989 4295 1009 4350 G
1028 4297 1033 4364 Ι
1053 4295 1090 4352 17
1110 4290 1198 4363 ἦλθεν
1220 4287 1315 4364 ἄλλον]
1337 4289 1407 4364 Ιλθε
1424 4286 1462 4349 δι’
1478 4293 1512 4362 (E
1530 4293 1569 4362 δέ)
1587 4287 1675 4350 ἄλλον

372 4378 399 4434 d.
410 4377 490 4447 HSS„
509 4377 613 4432 »αίίιαα
624 4395 675 4433 nos
690 4383 856 4448 ατεφωίατιι
869 4379 931 4434 Rus.
947 4380 952 4446 Ι
966 4379 1007 4435 88
1024 4377 1206 4451 πρωτότνποι
1217 4377 1265 4434 Ffl
1279 4379 1284 4448 Ι
1300 4377 1339 4434 88
1356 4377 1442 4434 τύποι
1454 4378 1559 4444 ABFH,
1577 4375 1675 4443 τύποις

373 4463 399 4520 d.
411 4463 469 4518 θῦε.
484 4463 489 4532 Ι
504 4462 545 4520 88
562 4459 578 4517 ύ
596 4457 765 4533 ἀπόστολος]
786 4463 1002 4518 »Αιίαωοιιίῦιει
1016 4463 1077 4520 Rut
1093 4465 1098 4530 Ι
1112 4463 1152 4520 82
1170 4464 1219 4518 καί
1235 4463 1338 4533 καλῶς]
1355 4464 1405 4519 καί
1417 4472 1450 4522 <
1463 4461 1484 4518 0
1499 4463 1505 4531 Ι
1520 4463 1559 4518 88
1577 4459 1674 4531 τύπος]

373 4539 457 4614 οὗτος
477 4547 503 4604 d.
519 4546 599 4616 HSS„
619 4545 676 4602 Ρὶο
693 4547 742 4601 ίιοο
760 4552 855 4617 μανία,
877 4547 984 4604 Humfr.
1000 4548 1051 4604 ειό.
1085 4546 1147 4603 Rue
1170 4547 1308 4604 ubersetzt
1328 4546 1391 4614 ίτείς
1415 4545 1471 4617 τςΙ.
1491 4545 1594 4616 judoch
1616 4546 1675 4601 sein

374 4631 558 4686 »ιουνιαιείιαί
568 4631 707 4702 οοςείίιοι
717 4632 825 4702 βρυναο
835 4633 876 4688 ντί
885 4632 1014 4702 formae«.
1033 4633 1193 4690 Auffallend
1204 4631 1241 4688 ist
1249 4632 1299 4688 das
1307 4631 1367 4687 Fut„
1380 4633 1530 4702 στοιχήσω.
1550 4629 1675 4702 στοιχετί
