3708 5528
784 468 953 538 Haleitung.
1426 485 1518 532 xxm

295 643 314 726 ἓ
337 649 364 709 7.
394 644 468 712 Der
488 642 623 725 Prolog
642 641 718 710 111111
741 641 806 710 dor
825 639 965 723 Epilog.
1007 640 1045 706 In
1066 638 1149 704 allen
1172 657 1307 703 unseren
1328 633 1417 701 HSS.
1438 633 1517 697 wird

212 747 284 810 dem
304 743 459 826 Dialogus
481 740 645 824 folgender
666 739 785 826 Prolog
806 740 1079 828 vorangesohickt:

296 833 490 953 Διάλεκτσς.
504 831 659 923 (διάλεξις
680 839 746 920 DF,
773 832 930 926 διάλογος
950 840 995 925 Η)
1021 830 1242 924 Ἀδαμαντίου
1268 835 1332 901 τοῦ
1357 833 1411 899 καί
1433 821 1518 916 Ὤρι-

212 943 330 1025 γένους
350 940 427 1024 περὶ
448 939 509 1023 τῆς
532 938 579 1016 είς
600 932 686 1006 θεὸν
708 928 816 1025 όρθῆς
834 944 983 1018 πίστεως
1005 933 1092 1024 πρὸς
1106 937 1276 1020 Μεγέθιον
1294 935 1351 1000 καὶ
1366 931 1517 1014 Μᾶρκον,

214 1040 410 1124 Δροσέριον,
448 1030 623 1104 Ούάλεντα
653 1029 803 1124 (Ούάλην
834 1041 891 1126 13¹)
924 1042 981 1106 καὶ
1015 1041 1169 1123 Μαρῑνον
1204 1030 1285 1112 τοῦς
1320 1023 1517 1117 αίρετικούς,

213 1131 357 1205 ἑκάστου
377 1137 438 1222 μέν
460 1137 545 1215 ἰδίας
559 1135 718 1220 αἱρέσεως
732 1141 991 1224 προϊσταμένου,
1012 1129 1198 1221 κακοήθως
1212 1135 1248 1200 δὲ
1263 1122 1518 1208 συνελθόντων,

215 1238 319 1322 δῆλον
347 1228 520 1322 (δηλονότι
541 1235 612 1320 ΕΗ)
638 1237 715 1321 περὶ
741 1229 865 1319 εύσεβεί
866 1265 905 1318 ας
927 1239 1108 1323 συζητῆσαι
1130 1236 1213 1320 (δήλ.
1235 1258 1268 1299 π.
1291 1224 1336 1299 εύ.
1357 1248 1384 1296 σ.
1404 1235 1447 1308 <
1467 1230 1519 1312 Ε),

215 1325 434 1420 ὁμοθυμαδὸν
454 1329 540 1420 πρὸς
562 1329 627 1402 τόν
647 1327 875 1420 Ἀθαμάντιον.
916 1329 1130 1452 Ἦρετίσαντο
1154 1332 1186 1419 (6
1188 1337 1336 1454 6666va
1349 1333 1434 1396 Ain
1455 1350 1519 1413 mg.

213 1437 270 1518 13¹)
293 1436 329 1501 δὲ
349 1426 477 1513 πάντες
497 1425 692 1516 φιλόσοφον
707 1424 862 1523 Ἕλληνα,
885 1429 1082 1520 Εύτρόπιον
1104 1424 1256 1519 ύνόματι,
1280 1422 1423 1497 ἑκάστου
1443 1430 1519 1494 τῶν

214 1526 329 1619 λόγων
350 1527 471 1620 κριτὴν
492 1526 690 1650 γενόμενον·
717 1533 754 1600 έν
776 1527 828 1614 οῖς
850 1529 1059 1622 Εύτρόπιος,
1085 1532 1325 1617 ἐξεταζομένης
1348 1531 1411 1614 τῆς
1433 1519 1520 1594 εύσε-

214 1637 264 1715 βεί
265 1643 317 1714 ας,
348 1633 488 1717 ἐπείσθη
515 1634 559 1716 τῇ
586 1623 731 1720 άληθείη
757 1636 813 1700 καί
839 1637 957 1720 γέγονε
979 1623 1198 1720 Χριστιανός,
1228 1633 1283 1696 καὶ
1309 1629 1433 1695 πολλοὶ
1460 1620 1521 1693 σῦν

215 1725 310 1818 αύτῷ
329 1721 490 1816 Έλληνες
515 1734 571 1798 καὶ
598 1731 820 1815 αἱρετικοί·’
804 1757 847 1818 ην
873 1730 937 1820 γάρ
962 1725 1034 1820 μετ’
1062 1725 1179 1801 αύτῶν
1209 1728 1522 1813 συγκεκροτημένον

218 1824 454 1917 ἇκροατήριον.
489 1821 572 1915 ήδέ
594 1834 672 1948 νίκη
693 1834 755 1917 τῆς
776 1835 964 1919 καθολικής
985 1834 1123 1948 γέγονεν
1143 1831 1336 1948 ἐκκλησίας,
1371 1829 1427 1892 καὶ
1414 1827 1521 1892 ὶ-διε
1562 1833 1565 1838 “

215 1923 326 2015 σπάρη
349 1931 423 1996 των
439 1926 672 2014 αίρετικῶν
636 1956 677 1999 το
694 1923 852 2017 φρόνημα
874 1926 923 2012 τός
946 1935 1048 2046 χνοῦς
1069 1924 1157 1998 κατά
1178 1921 1365 2012 πρόσωπον
1387 1918 1521 2011 άνέμου.

297 2029 345 2095 Im
375 2030 500 2096 Pariser
529 2030 604 2097 006
630 2030 655 2094 F
687 2032 793 2097 finden
829 2034 897 2098 sich
930 2034 1007 2098 zwei
1036 2032 1181 2116 Prologe.
1223 2029 1331 2095 Vor'an
1361 2028 1438 2111 geht
1467 2028 1522 2089 der

216 2135 371 2215 grfissere,
401 2131 513 2194 dessen
538 2136 619 2195 erste
587 2131 746 2197 tZeilen
772 2133 822 2197 bis
854 2128 919 2219 τήν
947 2133 1010 2200 τοῦ
1038 2132 1187 2214 Χριστοῦ
1213 2131 1328 2202 πίστιν
1353 2126 1413 2191 mit
1437 2129 1523 2192 robor

216 2228 310 2294 Tinte
332 2229 537 2313 gesehrieben
558 2231 642 2296 sind.

299 2320 449 2410 Διάλεξις
462 2318 684 2411 Ἀδαμαντίον
698 2331 761 2396 τοῦ
780 2334 837 2396 καὶ
853 2322 1042 2416 Ὠριγένους
1062 2329 1197 2415 περὶ”
1155 2353 1216 2414 της
1238 2327 1285 2404 είς
1306 2319 1392 2393 θεὸν
1413 2314 1522 2408 όρθής

215 2431 371 2505 πίστεως.
408 2415 491 2492 6³³
472 2451 512 2511 ης
525 2430 651 2494 πολλοὶ
665 2431 739 2495 τῶν
754 2427 935 2513 αίρετικιῦν
957 2421 1142 2514 διαφόρους
1156 2419 1351 2511 ἐσχηκότων
1373 2424 1522 2535 αἱρέσεις,
1573 2425 1575 2430 ’

215 2525 413 2593 ἐπίστευσαν
445 2515 562 2610 ὀρθῶς
593 2528 639 2606 είς
666 2522 731 2613 τήν
766 2529 830 2595 τοῦ
856 2531 1006 2612 Χριστοῦ
1035 2530 1159 2595 πίστιν.
1200 2526 1265 2592 τοῦ
1295 2521 1522 2590 συντακτικοῦ

214 2603 440 2711 Ὦριγένουςέ
441 2648 462 2690 ν
483 2616 713 2714 Ἀλεξανδρείᾳ
735 2621 778 2694 τά
800 2621 933 2713 συνήθη
947 2620 1175 2714 πράττοντος,
1197 2616 1276 2707 ἤτοι
1292 2616 1423 2706 περὶ
1386 2647 1429 2688 τα
1444 2626 1523 2686 θεῑα

214 2727 437 2809 μελετῶντος,
459 2727 546 2792 ποτὲ
567 2727 629 2811 μὲν
650 2727 774 2793 πολλοὶ
796 2729 870 2793 τῶν
884 2721 1040 2812 θύραθεν
1054 2716 1267 2810 φιλοσόφων,
1289 2722 1376 2789 ποτὲ
1391 2722 1427 2788 δὲ
1448 2721 1524 2786 τῶν

218 2821 398 2908 αἱρετικῶν
419 2818 505 2909 πρὸς
528 2817 636 2892 αύτὸν
661 2825 815 2907 ἐφοίτων
837 2817 1144 2911 διαλεχθησόμενοι.
1184 2825 1241 2890 καὶ
1262 2823 1325 2907 τῆς
1347 2820 1525 2900 διαλέξεως

214 2926 370 3008 θαμινῶς
385 2926 578 3009 γενομένης,
599 2919 753 3004 πολλοῦς
760 2914 927 3042 (Ἐλληνας
941 2921 1006 3011 τήν
1020 2927 1264 3010 εἰδωλομανίαν
1281 2913 1522 3001 βδελύττεσθαι

204 3025 346 3102 πείσας,
373 3027 560 3108 μαρτυρίου
581 3025 754 3107 στέφανον
776 3015 1009 3141 ἀναδήσασθαι
1031 3017 1289 3142 παρεσκεύασεν·
1320 3011 1372 3104 ἐφ’
1396 3013 1447 3096 οἷς
1467 3018 1522 3084 καὶ

201 3112 406 3207 ’Ἀμβρύσιος
427 3117 584 3208 ζηλωτὴς
604 3114 793 3210 Ὠριγένους
807 3116 997 3210 γενόμενος,
1019 3127 1075 3191 καί
1097 3115 1191 3208 αύτῷ
1214 3115 1278 3189 τὸν
1300 3112 1404 3204 λόγον
1425 3139 1525 3201 κατη-

213 3223 341 3336 χηθεὶς,
370 3223 431 3307 τῆς
456 3213 683 3290 Οῦαλεντίνου
702 3226 759 3290 καί
781 3227 987 3309 Μαρκίωνος
1012 3216 1140 3308 άπέστη
1167 3193 1331 3303 αἱρέσεως.
1372 3212 1462 3284 κατὰ
1484 3210 1525 3300 δή

214 3313 281 3386 τόν
301 3312 429 3405 χρόνον
444 3314 571 3390 τοῦτόν
586 3347 677 3402 τινες
693 3325 766 3389 τῶν
786 3322 967 3407 αἱρετικῶν
986 3314 1080 3391 τοῦτ’
1103 3313 1319 3400 άκούσαντες,
1340 3310 1526 3402 κακοήθως

216 3413 303 3502 πρός
329 3414 393 3489 τὸν
414 3412 634 3508 Ἀδαμάντιον
660 3409 774 3506 ἦλθον
795 3424 1025 3508 διαλεχθῆναι·
1058 3424 1115 3488 καὶ
1140 3416 1262 3507 κριτήν
1276 3409 1426 3502 Ἕλληνά
1448 3441 1524 3485 τινα

218 3511 423 3602 φιλόσοφον,
446 3511 590 3607 ὀνόματι
605 3513 801 3607 Εύτρόπιον
816 3514 1038 3608 ἐκλεξάμενοι,
1061 3545 1124 3589 του
1108 3511 1430 3604 ””ξδιαλέγεσθαι
1367 3526 1430 3605 ηρξ
1432 3540 1525 3585 αντο.

218 3619 319 3697 τέλος
341 3610 362 3703 6
386 3621 462 3706 νίκη
484 3623 547 3706 τής
568 3623 756 3706 καθολικής
770 3623 908 3705 γέγονεν
922 3621 1110 3706 ἐκκλησίας·
1132 3623 1189 3687 καί
1209 3622 1336 3688 πολλοὶ
1357 3614 1442 3706 μετὰ
1463 3617 1527 3684 τοῦ

221 3719 343 3802 κριτοῦ
364 3711 562 3803 Εύτροπίου
575 3714 870 3804 πιστεύσαντεςίθ),
894 3710 1054 3805 Ἕλληνες
1071 3721 1126 3788 καὶ
1141 3719 1303 3806 αίρετικοὶ
1318 3720 1526 3787 ἐπίστευσαν.

218 3808 238 3902 ή
262 3819 298 3884 δὲ
320 3811 463 3902 διάλεξις
485 3813 526 3887 ού
548 3823 621 3887 τῶν
626 3811 831 3936 τυχόντων
865 3821 974 3905 χρήμα
1002 3813 1064 3905 γάρ
1086 3845 1121 3886 τι
1143 3813 1254 3903 σοφόν
1274 3822 1330 3884 καί
1348 3809 1528 3936 γλαφυρὸν

217 3917 376 4000 πέφυκεν.
412 3914 507 3986 ἐν
471 3943 534 4005 γαρ
556 3913 642 4004 αύτῇ
664 3912 779 3986 πολλὰ
798 3920 871 3986 τῶν
891 3921 1045 4000 φυσικῶν
1060 3911 1209 4006 εῦρήσεις
1226 3911 1450 4004 προβλήματα
1470 3918 1526 3982 καὶ

219 4019 294 4083 τῶν
315 4013 445 4100 ἔξωθεν
467 4021 588 4102 σοφῶν
610 4013 759 4104 γνώμας·
780 4019 837 4082 καί
857 4020 989 4101 μᾶλλον
1010 4019 1047 4086 ἐκ
1068 4021 1130 4106 τῆς
1143 4021 1241 4097 θείας
1261 4021 1317 4084 καὶ
1340 4017 1429 4099 ίερῦς
1449 4036 1527 4098 γρα-

221 4115 297 4200 φῆς.
331 4103 380 4201 ής,
402 4120 536 4196 πῶςδὲ
558 4119 590 4202 (L
609 4119 671 4202 δεῖ)
693 4121 848 4184 νοεῖσθαι
868 4121 924 4186 καί
946 4117 1135 4202 ἐξηγεῖσθαι
1158 4112 1272 4186 πολλὰ
1294 4108 1313 4184 δ
1335 4103 1529 4198 ἇναγνωσό-

215 4237 317 4299 μενος
344 4208 474 4301 εύρήσει
500 4209 602 4302 ῥητά,
632 4219 689 4284 καί
717 4211 849 4295 πολλάς
875 4212 981 4296 ἄλλας
1006 4211 1189 4305 προτάσεις
1212 4211 1266 4284 διὰ
1288 4218 1362 4283 τῶν
1382 4219 1531 4299 προβλη-

217 4307 347 4400 μάτων.
384 4307 425 4382 ού
446 4311 509 4401 γὰρ
524 4310 612 4384 κατὰ
627 4341 691 4383 του
676 4317 893 4401 ἐλλογίμου
908 4308 1123 4400 άδρανῶς
1084 4343 1129 4385 τα
1144 4320 1218 4384 τῶν
1232 4315 1412 4401 αἱρετικῶν
1433 4305 1528 4394 ἐβάλ-

218 4419 323 4482 λοντο
350 4416 439 4500 βέλη.
482 4407 501 4482 ό
531 4408 561 4483 δ
584 4404 626 4483 αῦ
655 4409 703 4494 σός
734 4410 831 4499 φύσει
862 4407 1033 4501 άήττητος
1064 4408 1204 4502 ἀδάμας,
1235 4415 1438 4501 θαρσαλέως
1467 4413 1531 4497 τῆς

218 4506 370 4601 άληθοῦς
391 4519 539 4593 πίστεως
562 4508 846 4601 ἀντελαμβάνετο,
873 4519 929 4582 καὶ
950 4508 1065 4583 πάντα
1087 4511 1131 4584 τὰ
1153 4507 1206 4583 ἐπ’
1228 4507 1334 4582 αύτόν
1355 4515 1532 4599 βληθέντα

218 4603 364 4699 ήμβλυνε
385 4619 442 4682 καὶ
464 4616 646 4700 συνέτριψε
667 4617 747 4701 βέλη
769 4617 812 4700 τῇ
836 4606 989 4702 ἀληθεία.
1025 4614 1058 4682 οί
1078 4617 1140 4700 μὲν
1160 4613 1324 4698 αἱρετικοί
1346 4613 1409 4682 εἰσι
1427 4613 1533 4696 Μεγέ-
