3744 5528
221 494 333 566 Casperi
350 495 376 549 V
394 511 417 551 o.
434 497 476 553 26.
493 498 534 552 27.
820 495 928 566 Dialog.
1467 501 1527 565 235

222 666 375 744 credatur,
406 665 488 729 siout
513 686 553 728 ne
579 668 656 728 tuno
683 663 811 746 quidem
835 663 945 730 interit
974 684 1047 728 oum
1067 659 1180 727 uelox
1205 666 1381 728 terraoaro
1412 663 1464 728 uel
1491 684 1529 728 ex

223 785 316 828 earne
338 786 446 829 rursus
468 763 676 828 terrefactus
698 767 746 828 est
766 762 900 845 homo.*)

305 884 330 927 ο.
344 863 501 933 xxvll.
530 863 593 928 Sed
613 861 757 930 fortassis
777 885 842 928 uon
862 861 1010 928 uidentur
1030 860 1099 926 istis
1121 860 1267 926 sufficere
1288 861 1366 926 haee
1388 883 1469 946 quae
1490 865 1528 928 de

220 962 457 1028 resurrectionis
471 964 604 1028 ueritate
626 964 710 1028 dieta
725 966 805 1028 sunt
841 960 1010 1028 Paululum
1032 961 1142 1040 adhue
1163 960 1192 1025 si
1205 959 1338 1039 uidetur,
1359 983 1530 1045 persequar

187 1064 203 1117 5
221 1063 259 1125 do
281 1063 453 1146 seripturis,
483 1067 519 1127 ut
540 1066 578 1128 de
608 1085 664 1147 spe
686 1061 788 1127 earnis
809 1061 903 1128 huius
929 1060 1163 1128 resusoitandae
1183 1081 1248 1125 non
1274 1058 1377 1124 solum
1399 1061 1529 1142 ratione,

220 1182 331 1226 uerum
353 1166 385 1226 et
406 1164 593 1229 auctoritate
610 1165 810 1228 suadeantur.
839 1161 926 1226 Dioit
943 1179 1018 1244 ergo
1035 1157 1211 1244 apostolus:
1236 1163 1356 1223 θονίοοη
1370 1169 1413 1224 eet
1428 1171 1529 1242 eutem

221 1265 294 1342 qum
315 1265 385 1325 estis
405 1266 528 1342 epistota
552 1267 666 1328 Christi
684 1265 857 1326 ministram
877 1285 897 1326 a
916 1264 1003 1325 nobis
1024 1269 1050 1324 et
1070 1263 1178 1340 ser-ahta
1198 1281 1259 1323 nors
1280 1269 1453 1340 emoriente,
1480 1266 1530 1325 sed

220 1364 331 1442 spirita
360 1365 407 1425 dei
431 1366 509 1442 uiui,
538 1385 601 1427 nore
625 1367 661 1426 in
683 1365 790 1426 tabidis
815 1364 947 1443 lapideis,
969 1364 1019 1424 sed
1042 1363 1078 1422 ire
1099 1362 1209 1423 tabulis
1229 1362 1326 1423 cordis
1351 1364 1528 1426 remotiores.

222 1458 342 1536 Quodsi
363 1481 436 1527 earo
458 1483 522 1526 non
542 1466 686 1545 resurget
706 1464 879 1527 seeundum
898 1461 984 1539 istos,
1006 1460 1083 1543 quid
1104 1459 1243 1541 proderit
1264 1457 1397 1541 epistole
1412 1458 1530 1525 Christi

44 1611 49 1620 ,
171 1565 204 1620 10
220 1559 373 1642 inseripta
403 1581 471 1625 esse
495 1560 529 1626 in
552 1559 670 1626 tabulis
697 1561 800 1628 eordis
822 1558 1002 1626 carnalibus
1025 1562 1056 1623 et
1076 1557 1228 1641 inscripta
1248 1557 1360 1641 spiritu
1382 1558 1434 1625 dei
1453 1560 1530 1638 uiui,

221 1657 283 1722 nisi
305 1658 380 1741 quie
400 1660 511 1743 utique
532 1660 631 1726 uitem
652 1663 861 1744 consequetur
882 1663 914 1726 et
935 1679 1016 1738 earo,
1042 1657 1076 1722 in
1098 1679 1160 1741 qua
1182 1656 1315 1740 epistola
1336 1656 1454 1723 Christi
1473 1681 1530 1742 per

221 1757 366 1840 spiritum
392 1759 443 1822 dei
468 1758 605 1824 uiuentis
634 1759 835 1825 inscribitur?
870 1757 913 1823 Et
938 1759 1053 1823 iterum
1079 1756 1157 1822 dioit
1185 1757 1253 1840 ipse
1278 1756 1453 1840 apostolus:
1493 1763 1530 1824 si

220 1861 302 1921 enim
323 1862 404 1939 quod
423 1863 585 1924 destruitur
604 1865 640 1924 in
659 1863 757 1941 yterio
777 1869 832 1939 eet,
858 1862 951 1923 muto
972 1860 1072 1936 moyes
1091 1861 1170 1938 qaod
1189 1868 1290 1921 manet
1308 1862 1343 1922 iri
1363 1863 1459 1939 ytrm'o
1479 1870 1528 1924 eet

220 1955 293 2020 Hoe
324 1975 399 2040 ergo
431 1961 517 2042 quod
542 1964 649 2024 menet
677 1959 865 2042 inscriptum
894 1957 972 2022 dioit
997 1977 1066 2023 esse
1090 1955 1123 2020 in
1150 1955 1267 2021 tabulis
1291 1957 1394 2022 cordis
1421 1979 1528 2022 asma·

170 2062 203 2114 15
220 2053 312 2121 libus.
353 2055 489 2122 Uidetur
511 2077 586 2143 ergo
613 2059 688 2142 quia
711 2059 884 2124 manebunt
905 2057 1000 2121 etiam
1026 2055 1129 2121 cordis
1155 2077 1285 2120 carneae
1307 2055 1444 2134 tabulae,
1470 2080 1527 2141 pro

221 2177 258 2220 eo
280 2157 366 2238 quod
387 2178 512 2222 manere
537 2180 664 2224 neeesse
686 2162 734 2222 est
761 2179 842 2242 quae
863 2157 897 2221 in
917 2157 967 2222 his
990 2155 1106 2238 scripta
1127 2159 1208 2220 sunt
1237 2155 1281 2220 Et
1301 2155 1416 2221 iterum
1439 2158 1528 2223 dioit:

220 2257 372 2320 Habemus
393 2261 566 2322 thesuumon
586 2262 679 2322 istam
704 2263 741 2322 ire
760 2263 847 2322 eramo
867 2261 1016 2338 fiotite'lrus,
1047 2253 1112 2338 (ut)
1138 2260 1313 2336 marottam
1338 2261 1464 2322 uirtutes
1489 2264 1529 2323 sit

220 2358 267 2417 dei
287 2364 313 2418 et
333 2377 396 2419 nori
416 2379 452 2420 ea
472 2361 566 2421 noim.
601 2356 733 2442 Eligant
754 2356 815 2422 sibi
835 2356 898 2439 ipsi
921 2377 1061 2420 errorum
1083 2356 1222 2420 rhetores
1244 2355 1322 2438 quid
1346 2355 1461 2422 uolunt
1480 2358 1527 2422 in·

221 2452 323 2538 telligi
344 2453 441 2519 istum
461 2456 644 2521 thesaurum
666 2478 761 2541 quem
779 2455 863 2537 dicit,
884 2454 1073 2531 interiorem,
1096 2477 1136 2518 au
1158 2453 1342 2518 exteriorem
1360 2455 1527 2521 hominem.

170 2556 204 2610 20
222 2551 256 2617 si
277 2553 457 2618 interiorem
479 2555 588 2620 dieunt
609 2577 676 2621 esse
697 2557 731 2621 in
753 2576 816 2639 quo
837 2556 1003 2620 thesaurus
1025 2556 1073 2617 est
1093 2552 1220 2618 uirtutis
1238 2553 1296 2632 dei,
1319 2555 1379 2618 erit
1398 2557 1529 2623 interior

221 2653 316 2719 homo
339 2675 394 2717 uas
416 2652 513 2719 fietile
536 2657 706 2720 seeundum
728 2655 814 2719 istos.
850 2652 885 2718 Si
901 2673 976 2737 ergo
997 2673 1055 2717 uas
1072 2652 1169 2717 fietile
1191 2673 1263 2717 uero
1279 2656 1334 2732 est,
1356 2658 1528 2722 seeundum

222 2756 307 2836 quod
330 2755 368 2816 de
389 2758 473 2818 terra
494 2761 633 2819 assumta
655 2759 709 2832 est
737 2755 796 2819 erit
817 2755 981 2819 thesaurus
1003 2753 1130 2818 uirtutis
1153 2752 1203 2814 dei
1224 2752 1257 2816 in
1278 2773 1370 2817 earne
1391 2754 1527 2821 hominis

223 2851 420 2932 constitutus,
442 2854 474 2916 et
492 2875 592 2918 unum
613 2856 768 2920 eduobus
790 2876 844 2920 eos
858 2873 985 2918 neeesse
1000 2855 1048 2917 est
1062 2850 1217 2917 confiteri:
1240 2852 1313 2936 quie
1334 2858 1389 2917 aut
1410 2856 1527 2920 uehens

221 2953 306 3016 hune
326 2953 509 3017 thesaurum
530 2975 602 3019 earo
623 2953 770 3028 saluatur,
792 2956 855 3033 aut,
876 2953 903 3018 si
918 2975 987 3017 eam
1001 2955 1120 3036 negant
1133 2949 1254 3015 saluam
1268 2951 1346 3032 fieri,
1366 2957 1528 3038 negabunt

159 3039 204 3114 '⁶25
222 3051 339 3133 pariter
365 3051 460 3116 etiam
490 3054 653 3120 thesauros
683 3052 810 3118 uirtutis
838 3052 888 3117 dei
919 3051 975 3136 qui
1004 3051 1038 3114 in
1066 3051 1136 3133 ipsa
1162 3054 1236 3114 sunt
1266 3072 1333 3115 esse
1358 3074 1531 3122 mansuros.

221 3149 265 3214 Et
285 3150 400 3216 iterum
423 3149 500 3215 dioit
521 3151 596 3235 quia
616 3156 688 3232 Nos,
719 3157 774 3234 qui
793 3156 945 3231 uiuimus,
970 3155 1006 3215 ire
1027 3159 1151 3215 mor-tom
1172 3155 1328 3224 trudimur,
1357 3162 1393 3216 ot
1413 3164 1440 3218 et
1464 3159 1532 3220 uita

221 3255 291 3316 Iesu
313 3256 520 3331 manifestetur
548 3257 583 3315 in
609 3275 696 3316 earm
726 3260 830 3316 nostro
854 3255 983 3315 mortali.
1024 3247 1113 3315 Haeo
1135 3250 1290 3334 numquid
1311 3250 1531 3334 explanatione

221 3350 385 3434 indigent?
420 3349 530 3416 Uitam
551 3349 623 3416 Iesu
646 3349 763 3416 Christi
785 3351 861 3415 dieit
881 3351 915 3414 in
937 3372 1029 3415 earne
1049 3354 1158 3415 nostra
1182 3348 1454 3418 manifestandam.
1489 3353 1532 3419 let

222 3450 337 3514 iterum
353 3449 442 3514 dicit:
467 3455 544 3517 Oion
558 3460 658 3515 uatem
671 3455 845 3532 absorptam
858 3456 951 3532 feerit
969 3455 1092 3515 mortale
1106 3455 1160 3514 hoo
1176 3473 1196 3514 a
1216 3455 1289 3515 uita.
1323 3449 1407 3526 Quid
1421 3452 1455 3516 in
1471 3454 1532 3519 hoe

172 3555 205 3610 30
222 3549 309 3614 eliud
329 3549 518 3634 intelligitur
538 3549 600 3614 nisi
622 3549 695 3634 quia
716 3552 785 3630 hoe,
816 3553 903 3634 quod
928 3571 1012 3614 nuno
1032 3548 1165 3615 mortale
1187 3552 1243 3629 est,
1270 3551 1353 3614 aedit
1373 3551 1406 3615 in
1432 3552 1532 3617 uitam

224 3652 255 3713 et
276 3648 412 3714 efficitur
432 3649 631 3716 immortale?
651 3649 695 3715 Et
715 3649 841 3715 iterum:
865 3655 930 3732 Eyo
952 3655 1015 3732 ipse
1031 3659 1126 3714 mente
1146 3653 1265 3730 quidem
1282 3655 1380 3714 seroie
1403 3655 1459 3732 troi
1478 3657 1531 3730 dei,

223 3771 310 3812 earne
331 3759 430 3814 ouum
452 3753 509 3829 leui
524 3755 642 3831 peceati
676 3754 764 3814 Nihil
783 3773 849 3831 erqo
869 3773 953 3814 auree
974 3749 1194 3832 <damnationis
1219 3747 1277 3832 est>
1298 3752 1355 3827 eu,
1382 3755 1438 3832 qui
1460 3762 1534 3816 suet

225 3914 411 3970 substantiae«
422 3939 456 3958 ==
465 3915 574 3986 integra
585 3915 757 3983 substantia).
783 3913 876 3969 Alleiu
890 3931 957 3969 »nee
964 3916 1073 3968 tamen«
1084 3931 1159 3968 muas
1169 3912 1220 3968 mit
1228 3914 1291 3968 dem
1302 3915 1533 3986 vorangeheudeu

224 4000 384 4055 verbunden
403 3998 458 4054 und
476 3999 525 4053 dae
543 3999 745 4070 Frageueiehen
761 4000 834 4054 naeh
853 3999 956 4053 »iaetus
975 4001 1017 4052 est
1033 3999 1131 4053 homo«
1151 4000 1257 4068 gesetzt
1274 3998 1392 4054 werden.
1409 4031 1443 4039 —
1455 4000 1486 4056 B.

310 4151 329 4207 6
346 4150 521 4221 suadeantur]
540 4150 605 4208 eoo.
623 4167 673 4206 sua
691 4141 766 4206 dent
782 4151 785 4218 Ι
811 4151 848 4207 17
868 4149 907 4204 Ut
923 4149 994 4205 fehlt
1010 4150 1049 4204 im
1067 4149 1132 4205 eod.
1153 4150 1157 4219 Ι
1183 4149 1222 4207 18
1240 4151 1373 4220 rhetores]
1392 4150 1457 4206 eod.
1475 4167 1532 4207 ree·

225 4237 299 4290 tores
318 4235 323 4303 Ι
343 4235 383 4293 20
402 4234 468 4290 Cod.
486 4236 532 4290 dei
548 4236 671 4302 uirtutis,
693 4235 746 4289 mit
763 4236 813 4290 ›b‹
833 4235 900 4290 uber
918 4234 993 4288 »dei«
1012 4253 1038 4289 u.
1058 4251 1105 4288 »a«
1124 4234 1192 4288 fiber
1211 4234 1352 4289 »uirtutis«
1373 4236 1378 4304 Ι
1398 4236 1435 4292 21
1455 4237 1531 4307 ergo]

226 4319 261 4374 So
274 4319 323 4374 der
335 4319 401 4375 eoa
424 4321 510 4376 uero‘t
526 4321 530 4388 Ι
546 4320 585 4376 2ss
599 4319 724 4389 mortem]
740 4320 805 4375 Ceth
819 4323 947 4376 »morte«.
972 4319 1083 4391 Caspari
1094 4317 1158 4372 liest
1171 4320 1298 4386 »morte«,
1314 4318 1443 4375 hemerlrt
1454 4320 1531 4374 aber:

225 4402 317 4470 „seete
331 4405 487 4469 »mortem«,
505 4419 562 4456 was
579 4402 637 4456 sioh
649 4401 679 4457 in
691 4403 744 4459 den
757 4403 913 4460 Itala-HSS.
925 4404 981 4459 und
995 4403 1038 4472 da,
1056 4420 1099 4459 wo
1111 4402 1156 4457 die
1168 4401 1254 4458 Stella
1266 4405 1343 4459 sonet
1354 4404 1445 4459 eitiert
1456 4403 1532 4472 wird,

225 4487 333 4542 uberall
350 4487 444 4541 findet.
474 4487 499 4542 S.
513 4487 575 4542 Sab.
594 4506 616 4541 z.
629 4487 656 4544 d.
668 4487 725 4542 St.“
743 4489 811 4543 —B
827 4493 831 4557 Ι
847 4488 913 4544 Cod.
931 4487 1078 4552 trademur,
1097 4488 1163 4543 aber
1180 4487 1232 4542 mit
1248 4486 1278 4542 in
1297 4488 1347 4554 »i«,
1365 4506 1445 4545 wenn
1463 4489 1534 4543 auoh

225 4572 304 4627 nieht
330 4571 511 4642 vomundig,
533 4571 720 4641 eorrigiertem
744 4574 810 4641 »οιΙ
832 4573 871 4629 29
895 4572 960 4629 Ood.
984 4572 1131 4628 absortum.
1150 4572 1224 4626 -B
1244 4573 1248 4642 t
1268 4572 1307 4628 82
1332 4573 1533 4628 ›damnationis

226 4659 282 4711 est«
301 4655 394 4712 istim
412 4656 476 4711 Cod.
496 4657 674 4728 ausgefallen,
693 4673 733 4728 gr.
750 4653 914 4730 κατάκριμα
928 4658 934 4725 Ι
948 4656 1001 4727 his]
1019 4655 1085 4712 uod.
1102 4656 1140 4712 hi.
