3708 5498
229 439 339 512 Cmpari
358 439 383 494 Π
401 457 424 494 o
443 441 484 496 12.
503 441 543 496 13.
822 437 931 508 Dialog.
1498 449 1537 512 83

314 615 398 674 Eutr.
420 613 460 673 d:
480 608 572 692 Lege.

314 713 369 773 Ad.
390 712 431 772 d.:
453 707 571 792 Legem
591 711 630 774 de
652 707 830 793 euangelio:
856 713 1033 774 Ooouoeoas
1054 720 1153 774 auton
1176 715 1260 774 lesere
1277 715 1430 776 duodeee'm
1449 716 1539 776 deu'-
1638 691 1641 700 ’

227 813 325 892 potos,
345 812 423 872 dedit
445 813 487 872 eris
507 813 650 873 uirtutem
671 814 882 890 superomnia
896 813 1054 872 doemonia
1068 818 1094 872 et
1108 814 1265 890 lanquores
1278 833 1389 889 merore,
1409 821 1437 876 et
1455 815 1540 874 metit

229 933 279 974 cos
302 911 472 990 praedicere
494 931 622 990 repausa
647 913 694 973 dei
719 917 745 972 et
770 931 882 973 rurore.
923 907 967 973 Et
987 913 1060 992 post
1081 931 1182 992 pauoa
1202 909 1317 974 iterum
1339 909 1428 975 dioit:
1462 913 1538 975 Cum

195 1019 330 1074 teuteus
351 1013 486 1088 coissent,
508 1012 729 1089 epredietoutur
743 1031 798 1090 per
817 1013 952 1072 eius'totes
969 1018 996 1071 et
1015 1013 1107 1088 uides,
1128 1011 1367 1088 eaeouqolixontee
1387 1019 1413 1072 et
1431 1031 1540 1072 euron-

232 1121 273 1174 tes
294 1113 412 1190 usique

282 1249 287 1260 ·
315 1213 401 1272 meo.
423 1213 462 1273 d:
492 1205 667 1285 Quomodo,
689 1206 804 1286 Meroe,
826 1229 934 1272 eorum
956 1207 1084 1292 quidem
1106 1207 1194 1291 quie
1213 1206 1338 1274 Christo
1359 1208 1541 1274 missisunt

232 1307 450 1392 euangelizare
472 1311 504 1371 et
525 1309 704 1390 praedicare
726 1329 790 1372 non
812 1307 970 1390 suscipitis
992 1307 1122 1390 scripta,
1150 1310 1204 1373 sed
1227 1307 1293 1372 eius
1315 1309 1404 1372 ouius
1426 1330 1541 1374 nomen

232 1407 386 1491 seriptum
407 1427 470 1472 non
492 1407 636 1472 habetis?
673 1404 758 1471 Nam
779 1405 975 1472 Matthaeum
997 1411 1029 1472 et
1050 1406 1235 1485 Iohannem,
1259 1429 1394 1490 quorum
1413 1409 1542 1473 nomina

182 1512 217 1566 10
232 1505 353 1588 scripta
372 1510 454 1586 sunt,
475 1505 631 1590 respuitis,
657 1528 737 1591 quos
759 1509 792 1570 et
813 1505 956 1572 Christus
982 1507 1111 1574 miserat
1131 1509 1310 1590 praedicare
1333 1507 1541 1593 euangelium,

233 1603 369 1670 Paulum
390 1627 474 1684 uero,
496 1606 585 1670 ouius
606 1605 695 1670 nulla
716 1611 763 1670 est
783 1607 902 1673 mentio
921 1607 954 1672 in
976 1607 1158 1692 euangeliis,
1179 1607 1263 1672 hune
1283 1607 1433 1690 recipitis.
1467 1605 1541 1674 Non

234 1710 283 1769 est
303 1706 363 1770 hoe
384 1704 573 1771 ridiculum?
616 1704 676 1770 Die
696 1705 786 1770 mihi:
814 1705 1080 1772 Praedioauerunt
1101 1705 1153 1771 isti
1176 1706 1375 1790 euangelium
1397 1729 1437 1772 an
1458 1713 1542 1773 non?

317 1811 408 1870 More.
431 1809 472 1870 d:
493 1803 767 1871 Praedioanenmt.

320 1909 407 1968 distr.
429 1909 468 1970 d:
494 1903 606 1970 Fnstst
627 1904 779 1988 seriptum
801 1906 886 1987 quod
907 1905 1180 1988 praemonuerunt,
1204 1909 1260 1970 eut
1280 1905 1543 1994 sinesoriptura?

185 2007 218 2060 ¹⁵
318 2009 409 2070 More.
431 2009 470 2068 d:
493 2001 567 2068 Sine
588 2003 752 2087 seriptura

319 2107 405 2168 Este.
427 2107 466 2168 d:
498 2101 600 2168 Uslde
621 2103 699 2169 mihi
725 2104 852 2168 uidetur
872 2103 1097 2170 inoonueniens
1127 2127 1194 2170 esse
1225 2105 1311 2188 quod
1337 2103 1415 2169 diois
1441 2109 1477 2170 nt
1503 2105 1543 2182 hi

237 2203 293 2287 qui
323 2205 363 2266 ad
391 2203 635 2285 praedicandum
665 2203 755 2268 missi
785 2209 859 2269 sunt
880 2204 1092 2290 euangelium,
1122 2203 1365 2288 praedicationis
1386 2225 1461 2269 suae
1481 2227 1545 2270 non

238 2299 425 2386 reliquerint
446 2301 607 2386 seriptum,
637 2325 708 2369 eum
730 2325 806 2368 uero
833 2305 1012 2388 quinoque
1033 2304 1149 2368 missus
1171 2307 1218 2368 est
1239 2305 1280 2368 ad
1300 2305 1545 2386 praedicundum

238 2401 317 2466 dieis
347 2401 464 2484 scripte
492 2401 666 2486 reliquisse.
709 2402 829 2480 Quodsi
858 2401 922 2468 illis
952 2405 1172 2468 tantummodo
1201 2403 1398 2485 profuerunt,
1429 2403 1544 2486 quibus

189 2507 222 2562 20
237 2505 313 2565 tuno
337 2499 566 2566 annuntiabant
587 2500 732 2576 salutem,
754 2501 888 2584 posteris
908 2501 989 2565 nihil
1009 2501 1155 2568 beneficii
1180 2502 1410 2586 praestiterunt
1453 2501 1544 2578 Quod

238 2599 322 2666 enim
343 2601 410 2664 sine
431 2599 587 2683 scriptura
609 2601 728 2666 dietum
751 2603 798 2665 est
819 2599 1007 2684 paulopost
1027 2601 1150 2678 desinit,
1173 2599 1385 2686 quianullum
1404 2601 1453 2666 sui
1472 2623 1546 2666 oon·

238 2700 319 2764 tinet
341 2699 577 2765 monimentum.

323 2921 348 2964 o
370 2901 480 2970 XIII.
524 2907 578 2966 Ad.
599 2907 639 2966 u:
670 2901 835 2978 Quomodo
858 2905 964 2966 autem
986 2900 1079 2966 etiam
1103 2900 1262 2967 Christum
1284 2899 1458 2966 filiumdei
1480 2921 1547 2966 esse

241 3005 380 3064 norunt?
421 2999 651 3084 Respondeant.
692 2999 779 3066 Nam
800 3001 828 3066 si
848 3000 1004 3084 recipiunt
1023 3002 1128 3085 legem
1151 3005 1181 3065 et
1201 3001 1380 3084 prophetes,
1402 2999 1456 3083 qui
1476 3021 1546 3063 eum

191 3109 225 3164 25
241 3101 526 3184 pronuntiauerunt
547 3105 724 3180 uenturum,
744 3100 913 3166 manifesta
933 3104 1008 3166 sunt
1029 3103 1225 3166 documenta
1260 3099 1391 3166 Illomm
1414 3120 1549 3183 namque

241 3197 458 3264 testimoninm
480 3205 528 3266 est
549 3203 634 3285 quod
655 3201 788 3266 uerbum
810 3199 860 3264 dei
882 3205 1050 3265 uenturum
1073 3205 1156 3266 esset
1175 3201 1208 3265 in
1228 3221 1320 3264 earne
1339 3203 1433 3281 atque
1454 3198 1550 3263 homo

242 3297 375 3363 effeetus
396 3301 428 3362 et
448 3299 616 3364 oruoifixus
637 3299 772 3366 salutem
793 3299 949 3365 eonferret
971 3300 1078 3383 generi
1098 3301 1242 3365 humano.
1283 3297 1403 3375 Quodsi
1422 3297 1551 3362 illorum

242 3397 460 3462 testimonium
488 3421 553 3464 non
583 3400 740 3484 recipiunt
774 3398 831 3483 qui
861 3397 1003 3464 futurum
1033 3399 1327 3483 pronuntiaueruut‚
1357 3399 1441 3461 unde
1472 3397 1551 3462 seire

243 3501 379 3580 possunt
400 3497 475 3582 quia
496 3496 583 3564 Iesus
606 3499 749 3566 Christus
771 3498 856 3564 filius
878 3501 929 3562 dei
951 3503 1018 3564 ost?

191 3601 226 3658 w
330 3601 415 3662 Eiet.
435 3601 476 3662 d:
506 3596 599 3663 Unde
621 3599 789 3684 agnouisti,
809 3597 925 3672 Meroe,
946 3598 1021 3683 quia
1042 3597 1127 3664 filius
1149 3597 1199 3664 dei
1221 3597 1263 3664 sit
1284 3596 1449 3663 Christus?

327 3701 419 3762 Mare
438 3701 479 3762 d:
501 3697 549 3763 De
572 3698 737 3784 euangelio
758 3701 788 3763 et
810 3698 963 3782 apostolo.

330 3800 385 3860 Ad.
407 3800 446 3860 d:
476 3795 634 3882 Equidem
664 3798 697 3863 in
719 3797 884 3882 euangelio
917 3821 981 3863 non
1009 3819 1042 3861 se
1073 3797 1150 3862 dioit
1170 3795 1271 3860 fflium
1294 3796 1354 3874 dei,
1375 3797 1431 3860 sed
1453 3795 1554 3860 filium

246 3895 390 3960 hominis.

334 4096 353 4151 Ι
371 4094 438 4152 Cod
455 4101 479 4150 et
495 4097 576 4152 dudd.
606 4096 694 4153 Sollte
711 4097 769 4153 dies
787 4097 889 4168 riehtig
906 4096 972 4162 sein,
990 4114 1021 4152 so
1039 4099 1141 4150 mdeste
1158 4111 1224 4150 man
1237 4093 1439 4150 »Oouuoeoua'ta
1458 4093 1556 4160 lesen}

249 4179 269 4236 Β
292 4179 512 4251 egrediebantur]
535 4181 571 4237 So
596 4180 645 4236 der
661 4181 728 4238 (lod¹
764 4181 855 4237 Kanm
876 4180 985 4251 riehtig.
1021 4179 1057 4235 Es
1080 4179 1117 4234 ist
1133 4177 1555 4250 w0h1»eireumgreeisuentur‹

250 4281 285 4319 an
300 4263 385 4320 lesen.
415 4264 466 4320 Die
478 4265 564 4320 Codd.
583 4265 632 4322 der
650 4266 805 4322 rorhiemn.
819 4255 928 4322 Uberes.
939 4267 1032 4321 haben
1051 4263 1189 4332 mireum)
1207 4262 1301 4317 ibent«
1320 4263 1379 4318 und
1397 4261 1558 4318 »eircum-

249 4347 420 4404 transibant«
441 4350 446 4418 Ι
467 4351 503 4406 17
526 4350 600 4406 »sd«
620 4352 695 4405 steht
715 4351 767 4406 mit
784 4369 855 4422 gum
873 4349 986 4406 kleinen
1003 4346 1180 4406 Buohstaben
1197 4345 1266 4402 iiber
1283 4346 1332 4402 der
1349 4345 1421 4402 Zeils
1444 4349 1449 4416 Ι
1472 4346 1559 4414 md

249 4431 363 4503 Cupari
385 4435 456 4490 uetat
478 4434 550 4490 nauh
578 4433 720 4491 villorum«
746 4435 827 4491 einen
851 4435 944 4490 Punkt
966 4434 1024 4490 und
1046 4431 1146 4498 meint,
1173 4431 1245 4486 naoh
1275 4432 1495 4488 ‘testimonium
1520 4433 1561 4488 sei

252 4515 392 4572 »illorum«
417 4517 600 4590 ausgefnllan:
625 4518 860 4575 manifestarunt
883 4518 1049 4574 documenta
1070 4517 1189 4573 illorum.
1224 4515 1350 4584 Namque
1372 4515 1560 4572 testimonium

250 4599 389 4670 (illorum)
408 4605 457 4658 eet
476 4635 508 4643 -
526 4604 549 4658 B
565 4603 620 4671 122
639 4601 705 4658 cod.
724 4603 866 4672 oouierre!
882 4603 921 4660 28
940 4603 996 4674 qui]
1015 4601 1081 4658 Cod
1101 4599 1243 4671 quidm
1261 4599 1337 4670 quia]
1356 4599 1422 4656 Cod.
1441 4600 1496 4670 qui.

1310 4687 1346 4740 6*
