3744 5524
345 471 402 534 100
898 461 1086 518 Adamantius.
1287 459 1330 514 Do
1346 459 1376 512 la
1392 458 1450 514 Rue
1467 459 1493 512 11
1510 459 1643 515 868a-d.

342 624 457 714 τούτῳ
488 634 539 717 τῷ
570 629 664 716 ῥητῷ
695 622 750 696 τό·
780 625 859 714 <τδ>
889 622 1016 711 πάσχα
1047 620 1156 712 ἡμῶν
1186 621 1311 712 έτόθη
1339 617 1527 709 Χριστός·
1558 614 1641 710 όπερ

340 723 450 814 πάσχα
471 722 538 798 ῦπδ
561 732 625 799 τοῦ
646 732 850 815 δημιουργοῦ
875 731 960 796 θεοῦ
984 728 1260 812 νενομοθέτηται.

423 832 499 896 ΜΚ.
539 832 649 897 Ταῦτα
670 831 731 915 μὲν
752 821 897 914 ἤκουσας
916 829 979 896 τοῦ
999 820 1203 906 ἀποστόλου,
1226 825 1335 892 ἐκεῖνα
1357 825 1392 891 δὲ
1413 816 1476 891 οῦκ
1496 815 1641 908 ἤκουσας

340 930 514 1012 λέγοντος·
549 930 707 1016 ἐγένετο
739 921 758 998 6
796 932 958 1014 πρῶτος
992 923 1225 1042 ἄνθρωπος,
1259 917 1386 1009 Ἀδάμ,
1423 927 1478 1003 εἰς
1511 922 1640 1012 ψυχὴν

267 1031 483 1111 ῦῦζῶσαν,
506 1020 726 1115 όέσχατος,
748 1023 899 1113 πόριος,
922 1028 977 1107 εἰς
995 1051 1146 1111 πνευμα
1167 1025 1405 1108 ζωοποιοῦν
1437 1016 1457 1140 6
1478 1028 1640 1108 πρῶτος

339 1123 560 1212 ανθρωπυς
581 1130 623 1196 έκ
644 1153 713 1216 γης
733 1123 883 1213 χοϊκός,
906 1118 1148 1212 όδεότερος,
1170 1119 1323 1209 κύριος,
1346 1123 1385 1206 ἐξ
1406 1116 1594 1207 οῦρανσῦ;

420 1230 488 1295 ΑΔ.
530 1220 708 1314 Σαφῶςε
689 1254 708 1296 ο
735 1221 928 1344 ἀπόστολος
955 1227 1057 1310 ἔδειξε
1083 1229 1140 1293 καὶ
1166 1219 1229 1292 τόν
1255 1226 1412 1308 πρῶτον,
1442 1215 1554 1309 Αδόμ,
1584 1229 1640 1292 καὶ

339 1323 403 1396 τόν
423 1322 591 1413 δεύτερον,
617 1323 748 1412 κόριον,
775 1328 839 1395 τοῦ
859 1317 965 1393 αὐτοῦ
986 1327 1072 1394 θεοῦ
1092 1327 1149 1442 καὶ
1171 1317 1231 1408 οὐχ
1253 1321 1369 1407 ἑτέρου
1389 1314 1495 1401 τινός·
1525 1326 1555 1391 εἰ
1576 1320 1639 1410 γὰρ

338 1452 449 1504 ουτως
463 1429 660 1512 γέγραπται
682 1430 844 1511 πρῶτος
865 1427 991 1512 έκγης
1011 1418 1148 1508 χοϊκός
1170 1418 1403 1508 ἄνθρωπος,
1424 1415 1551 1509 Ἀδάμ,
1573 1428 1638 1491 καὶ

287 1517 357 1595 106
379 1521 603 1611 δεότεροςέ
609 1534 628 1610 ξ
650 1519 835 1610 οῦρανοῦ,
857 1520 1007 1609 κύριος,
1029 1518 1169 1610 περισσή
1191 1515 1541 1608 έστινῆμυθοπσιΐα.
1582 1530 1639 1594 καὶ

284 1621 398 1711 γὰρ
421 1621 462 1692 τό
484 1627 713 1712 γεγραμμένον
735 1619 796 1698 οῦκ
817 1618 944 1711 ἀλλαχῆ
967 1616 989 1709 6
1015 1625 1051 1692 έν
1073 1626 1124 1710 τῷ
1146 1617 1241 1708 νόμῳ
1265 1615 1482 1709 εὑρεθήσεται
1504 1647 1639 1710 γεγραμ-

336 1727 452 1837 μένον·
477 1715 572 1792 xaz‘
553 1751 572 1793 ο
595 1719 740 1842 οῦρανδς
762 1728 807 1806 δέ,
834 1715 918 1793 όθεν
940 1715 959 1793 6
978 1718 1093 1809 κόρισς
1114 1711 1230 1809 ἦλθεν,
1254 1714 1314 1806 οδχ
1333 1719 1450 1805 ἑτέρου
1469 1726 1638 1792 δείκνυται

336 1812 388 1890 διν
408 1825 493 1892 θεοῦ
515 1817 623 1892 ἀλλ’
609 1817 631 1909 6
653 1828 716 1893 τοῦ
739 1827 950 1910 δημιουργοῦ.

418 1927 540 1990 ΕῩΤΡ.
585 1917 757 2009 Οῦρανοῦς
778 1915 978 2010 κέκτηταιι
958 1949 978 1991 ο
1000 1914 1144 2009 ἀγαθός;

285 2035 317 2089 15
417 2025 493 2088 ΜΚ.
538 2016 586 2090 06
607 2020 688 2104 τοῦς
709 2026 772 2092 τοῦ
793 2025 1003 2109 δημιουργοῦ.

418 2125 539 2188 ΕΥΤΡ.
582 2126 744 2207 Παρσικεῐ
762 2111 825 2191 σῦν
847 2125 899 2209 τῷ
921 2123 1129 2208 δημιουργρῦ;

302 2252 317 2288 c
417 2225 493 2286 MK.
536 2213 647 2301 Ἰδίους
670 2221 734 2307 έχει
756 2215 921 2306 ου’ρανσύς
943 2212 962 2287 6
985 2214 1122 2306 ἀγαθός.

417 2323 478 2384 Εἴ
481 2323 538 2387 ΤΡ.
582 2323 752 2390 Δέδεικται
775 2310 836 2390 σῦν
858 2323 913 2388 καὶ
935 2310 954 2388 6
977 2314 1106 2405 ἀγαθός
1128 2315 1326 2407 δημιουργός
1348 2309 1399 2387 διν
1421 2313 1586 2404 οὐρανῶν.

416 2423 491 2485 ΜΚ.
525 2411 664 2490 ’δμιεῐνσι
686 2422 718 2490 ολ
734 2425 796 2490 τοῦ
818 2414 951 2507 ἀγαθοῦ
970 2413 1109 2505 ου’ρανσὶ
1124 2412 1374 2506 ἀχειροποίητυι
1394 2423 1450 2487 καὶ
1472 2413 1636 2507 ἀγένητοι.

281 2533 316 2590 20
415 2523 484 2588 ΑΔ.
521 2511 662 2600 Οὐκοῦν,
685 2522 713 2587 εἰ
735 2513 902 2606 ἀγένητοι,
924 2522 980 2587 καὶ
995 2512 1235 2606 ἀνονόμαστοι·
1257 2516 1298 2588 τό
1314 2515 1377 2606 γὰρ
1392 2512 1559 2606 ἀγένητον
1579 2525 1636 2589 καὶ

333 2611 575 2704 ἀνονόμαστσν.
618 2613 730 2697 ἄλλως
763 2622 799 2688 δὲ
828 2623 883 2686 καὶ
913 2611 1165 2706 αὐτοματισμόν
1195 2622 1429 2706 δογματίζουσι
1454 2616 1543 2688 κατὰ
1572 2616 1636 2689 τόν

331 2711 538 2802 Ἐπίκουρον.

415 2821 492 2885 MK
534 2821 630 2900 Πῶς,·

415 2922 479 2984 Εἴ
480 2922 537 2986 ΤΡ.
563 2911 596 2984 Ὁ
611 2911 802 2999 ἀπόστολος
816 2916 894 3005 ἔφη·
909 2911 929 2986 6
945 2914 1143 3002 δεύτερος,
1160 2919 1199 3002 ἐξ
1215 2910 1401 3001 σῦρανοῦ,
1417 2912 1507 3002 (καθ’
1517 2911 1637 3006 δμᾶς*Ι

281 3026 314 3080 25
332 3012 483 3105 κῦριος·
505 3021 607 3086 ποίου
630 3006 691 3086 οῦν
714 3010 870 3102 οόρανοῦ,
893 3011 1078 3104 ἀναγκαῖόν
1093 3017 1164 3086 ἐστι
1186 3019 1332 3104 ζητῆσαι.
1368 3021 1397 3086 εἰ
1417 3021 1479 3105 μὲν
1499 3022 1561 3089 τοῦ
1582 3022 1638 3107 δη-

333 3120 505 3204 μιουργοῦ,
528 3121 759 3202 φαίνεταικαὶ
781 3109 964 3238 όΧριστὸς
986 3120 1049 3186 τοῦ
1064 3118 1265 3237 δημιουργοῦ
1281 3112 1345 3185 τόν·
1367 3121 1396 3188 εἰ
1418 3120 1454 3186 δὲ
1475 3119 1510 3202 ἐξ
1532 3115 1638 3188 ἄλλου

335 3210 492 3305 οῦρανσῦ,
516 3210 564 3296 τός
579 3211 654 3303 φής,
677 3223 789 3303 ζητεῖν
802 3213 865 3337 χρὴ
888 3221 915 3286 εἰ
930 3210 1137 3304 ἀγένητον’
1116 3211 1283 3303 αγενὴτου
1297 3221 1466 3301 διαφέρειν
1489 3215 1638 3288 δῦναται.

298 3322 317 3375 d
417 3319 485 3384 ΑΔ.
522 3309 614 3396 Ἰσως
635 3341 701 3385 κατ
734 3310 868 3398 αῦτοῦς,
891 3307 988 3403 (όπερ
1010 3310 1223 3436 ἀδόνατρν*).
1260 3321 1288 3386 εἰ
1312 3321 1348 3386 δὲ
1368 3324 1424 3387 καὶ
1447 3334 1520 3399 τοῖς
1542 3311 1638 3406 σόρα-

335 3431 407 3496 νοτς
437 3418 500 3485 τοῦ
528 3417 730 3503 δημιουργοῦ
761 3410 822 3486 οῦκ
852 3410 1094 3502 ἀποκέχρηταδ,
1126 3409 1198 3485 ἀλλ’
1229 3407 1291 3486 οῦν
1319 3441 1357 3504 γε
1387 3434 1459 3498 τοῖς
1490 3411 1638 3505 όνόμασι.

419 3568 447 3638 1]
467 3569 595 3624 1cor.:5
608 3570 683 3622 7.—
650 3567 783 3640 -4-6]
803 3568 890 3624 lcor.
903 3572 950 3626 15·
962 3571 1003 3634 45,
1016 3571 1057 3624 47.

420 3706 436 3761 1
456 3701 489 3759 τδ
502 3712 535 3762 <
547 3703 573 3758 δ.
585 3703 655 3758 HSS.
671 3705 675 3771 Ι
691 3705 709 3760 2
728 3707 808 3777 θεοῦ]
825 3704 928 3762 τούτου
945 3707 971 3760 d.
983 3709 1095 3776 Ausgg,
1115 3711 1199 3760 τοῦτο
1212 3703 1316 3770 AEFH,
1335 3711 1420 3760 τοῦτο
1433 3705 1477 3760 od.
1494 3713 1596 3762 τοῦτον
1608 3707 1638 3760 Β.

337 3788 424 3844 Kaine
441 3788 529 3843 dieser
545 3788 600 3842 LA.
617 3788 695 3842 kann
712 3790 757 3844 die
773 3791 981 3862 ursprfingliohe
999 3790 1065 3844 sein.
1094 3789 1168 3844 Rufi:
1186 3807 1205 3843 ο
1222 3795 1339 3843 creatore
1356 3790 1411 3843 deo.
1441 3790 1491 3845 Ich
1507 3793 1639 3855 vermute,

335 3875 399 3928 dass
419 3876 604 3944 »δημιουργοῦ
621 3876 707 3928 θεοῦ
733 3876 911 3944 geschriebon
928 3893 997 3942 war,
1019 3875 1076 3930 und
1094 3873 1196 3930 τοῦτου
1217 3891 1266 3928 aus
1283 3881 1337 3944 γοῦ
1353 3878 1426 3931 θεοῦ
1443 3877 1566 3940 ε5ευιια5;
1593 3871 1639 3931 έπλ

335 3967 387 4014 τοῦ
404 3961 467 4028 δημ.
485 3957 511 4010 H
522 3957 578 4011 Pio.
594 3959 598 4024 Ι
614 3958 633 4013 8
651 3958 715 4013 Von
732 3960 792 4014 hier
810 3977 845 4014 an
862 3960 905 4014 bis
922 3978 985 4014 zum
998 3959 1076 4014 Ende
1093 3959 1142 4013 dor
1159 3961 1311 4013 versetzten
1323 3959 1433 4014 53155555
1450 3960 1486 4015 ist
1503 3961 1533 4015 in
1550 3960 1640 4015 vielen

335 4043 405 4098 HSS.
423 4043 472 4097 der
488 4041 575 4096 Name
586 4043 694 4098 Marcus
710 4043 740 4098 in
758 4044 810 4098 den
829 4044 876 4097 δεε
887 4044 1010 4099 Marinus
1028 4043 1180 4098 vefflndert.
1210 4043 1308 4098 EFGH
1325 4045 1363 4114 (Z.
1375 4045 1408 4100 23
1427 4045 1447 4099 C
1465 4045 1482 4099 i.
1501 4044 1566 4115 mg.)
1584 4044 1640 4098 Pie„

334 4129 394 4184 Per.
406 4126 498 4182 haben
509 4129 638 4200 Μᾶρκος,
655 4127 761 4185 Humfr.
773 4129 824 4183 hat
837 4128 973 4182 zweimal:
993 4127 1155 4196 »ηΜει-ἰτιιτε
1173 4128 1238 4182 aber
1249 4130 1322 4185 8680
1333 4146 1383 4184 vor
1395 4125 1491 4194 ἰδλσυςε
1510 4129 1638 4196 Marcus!

337 4215 375 4271 18
393 4207 445 4283 ὢν]
465 4205 548 4277 ὄντος
565 4212 591 4267 δ.
609 4213 680 4269 HSS.
700 4214 704 4282 Ι
725 4213 764 4270 15
781 4211 848 4279 τοῦς
867 4232 890 4269 τ.
908 4214 931 4268 δ.
950 4211 1127 4280 ABCDFGH,
1146 4221 1180 4271 <
1198 4211 1220 4266 E
1239 4230 1265 4267 u.
1284 4212 1310 4267 δ.
1328 4217 1431 4285 Ausgg.
1452 4217 1456 4282 Ι
1477 4214 1514 4270 2⁰
1531 4209 1560 4268 ολ
1577 4211 1640 4283 ἀγε-

333 4317 393 4368 νητ.
412 4295 507 4367 0124
524 4296 602 4352 Nach
614 4298 665 4353 Ad.
676 4316 703 4353 u.
716 4297 792 4352 Eutn
810 4297 917 4352 schrieb
934 4298 1107 4368 derAposbel
1124 4296 1202 4352 nicht
1218 4296 1323 4370 κύριος,
1342 4299 1461 4355 sondem
1478 4292 1640 4370 ἄνθρωπος

335 4382 428 4437 Dabar
443 4380 481 4435 ist
497 4380 546 4436 das
564 4377 664 4438 καθ’
649 4389 730 4451 υμᾶς,
748 4383 822 4437 das'
814 4401 844 4436 m
862 4382 911 4436 der
927 4369 1022 4437 Ubers.
1041 4381 1087 4436 des
1105 4381 1166 4436 Rus
1184 4381 1263 4447 fehlt,
1281 4381 1385 4452 richtig
1399 4385 1403 4451 Ι
1419 4383 1456 4438 27
1477 4385 1569 4451 ζητεῖν
1586 4384 1639 4454 χρὴ

333 4461 401 4537 κτὲΙ
424 4465 504 4521 Dieso
521 4466 748 4537 Beweisffihmng
768 4467 806 4521 ist
827 4466 904 4522 nicht
925 4467 996 4522 klar.
1033 4466 1084 4521 Die
1105 4465 1311 4538 Vergleichung
1331 4467 1383 4522 mit
1405 4467 1454 4523 der
1475 4455 1570 4521 Ubers.
1594 4465 1641 4520 des

334 4553 396 4607 Ruf.
415 4551 491 4606 fflhrt
512 4569 544 4606 zu
569 4552 617 4607 dor
634 4551 820 4622 Vermutung,
847 4551 909 4606 dass
926 4551 977 4606 wir
994 4551 1070 4606 lesen
1088 4555 1196 4606 mflssen
1215 4553 1307 4621 ζητεῖν
1324 4552 1377 4622 χρὴ
1395 4548 1423 4608 εἰ
1439 4547 1470 4618 έξ
1492 4547 1638 4622 ἀγενηπυ,

333 4638 384 4693 καὶ
401 4632 428 4692 εἰ
443 4631 582 4706 ἀγένητον
598 4631 655 4692 aaz.
671 4639 675 4705 Ι
691 4636 730 4692 28
748 4631 820 4709 ὅπερ
839 4632 987 4692 ἀδύνατον.
1016 4635 1081 4706 Vgl,
1099 4635 1173 4710 8396
1191 4634 1240 4691 660
1259 4632 1382 4705 ἀγένητα
1401 4629 1475 4692 εἶναι
1493 4631 1639 4693 ἀδύνατον,
