3744 5524
358 498 416 560 142
912 485 1102 542 Adamantius.
1236 487 1277 543 Do
1294 488 1324 542 la
1340 489 1398 543 Rue
1415 488 1455 544 IV
1471 488 1661 547 841d-842b.

356 657 441 723 θεοῦ
462 655 589 740 τέχνης,
613 645 675 720 ούκ
696 644 889 737 ἐφθόνησεν
903 641 1005 732 οὗτος
1020 641 1100 720 ούτε
1115 648 1169 721 διὰ
1182 648 1314 734 παντὸς
1328 662 1527 724 καταλιπεῖν
1548 649 1657 743 αύτῆν

355 746 468 835 οότως
495 755 671 839 φέρεσθαι,
703 744 789 820 ἀλλὰ
811 752 1025 839 δημιουργεῖν
1050 744 1172 839 ἤρχετο
1200 757 1258 821 καί
1287 745 1355 822 ἀπὸ
1382 758 1455 822 τῶν
1481 757 1658 842 χειρίστων

355 848 459 942 αύτῆς
473 850 518 923 τὰ
530 847 695 921 κάλλιστα
710 853 893 937 διακρίνειν
915 843 1049 936 ἤθελεν.
1090 856 1147 920 καὶ
1168 845 1281 933 οὕτως
1300 856 1385 938 γοῦν
1405 850 1656 942 ἐδημιούργησε·

353 951 397 1023 τὰ
412 947 441 1022 δ’
457 944 519 1022 ὅσα
534 946 648 1039 αὐτῆς,
671 944 719 1032 τός
736 950 817 1032 ἔπος
837 953 951 1033 εἰπεῖν,
972 949 1128 1038 τρυγοόδη
1147 947 1315 1038 ἐτύγχανε,
1333 957 1441 1022 ταῦτα
1463 948 1657 1041 ἀνάρμοστα

292 1063 332 1114 50
352 1045 438 1123 ὄντα
458 1047 544 1140 πρὸς
571 1055 791 1138 δημιουργίαν
818 1043 866 1130 σός
887 1049 952 1136 εἶχε
972 1053 1164 1136 κατέλειφε,
1190 1045 1266 1120 κατ’
1289 1046 1388 1123 οὐδὲν
1414 1047 1509 1141 αύτῷ
1531 1050 1656 1141 προσῆ-

350 1179 465 1223 κσντα.
502 1153 537 1236 ἐξ
553 1141 603 1219 τόν
619 1155 714 1219 δοκεῖ
724 1175 783 1235 μοι
800 1153 862 1218 νύν
876 1143 955 1237 παρ’
971 1143 1172 1236 ἀνθρώποις
1190 1150 1338 1239 ἐπιῤῥεῖν
1353 1148 1397 1222 τά
1410 1149 1506 1223 κακά.
1542 1145 1655 1236 ούτως

349 1252 445 1337 ἔδοξέ
464 1278 522 1339 μοι
543 1241 613 1338 <εύ>
634 1251 721 1336 ἔχειν
744 1252 928 1337 (φρονεῖν).

432 1355 526 1438 <ΔΡ.>
556 1345 710 1437 Σφόδρα,
734 1343 782 1431 αίς
797 1351 871 1436 ἐμοὶ
886 1355 987 1432 δοκεῖ,
1003 1342 1211 1436 όρθαότατον
1225 1344 1332 1438 δόγμα
1345 1356 1402 1419 καὶ
1416 1343 1499 1438 όρος
1514 1346 1653 1440 ἀκλινῆς

348 1453 497 1532 ἐκτεθεὶς
519 1444 586 1520 ύπό
609 1453 672 1520 τοῦ
694 1453 804 1534 σοφοῦ
822 1443 1056 1520 Οὐαλεντίνου
1093 1451 1121 1518 εί
1143 1455 1181 1520 δέ
1198 1476 1251 1530 τις
1270 1446 1431 1532 βούλοιτο
1454 1445 1651 1539 ἀντιλέγειν,

276 1565 327 1619 842
347 1554 580 1638 παρερχέσθω,
602 1551 684 1636 ἐμοῦ
706 1548 851 1636 ἑτοίμως
872 1543 1012 1635 έχόντος
1030 1553 1035 1634 Ι
1053 1544 1139 1637 πρὸς
1161 1540 1315 1630 ἅπαντας
1337 1545 1596 1637 ἀποκρίνασθαι.

430 1653 497 1718 ΑΔ.
537 1646 604 1737 Τῆν
624 1643 800 1736 πρόληψιν
821 1643 1046 1735 ἀποθέμενος,
1073 1642 1300 1736 εὐγνωμόνως
1324 1646 1412 1736 πρὸς
1433 1647 1577 1722 ἕκαστον
1599 1640 1651 1720 ὧν

346 1745 564 1835 πυνθάνομαι
586 1741 780 1834 ἀποκρίνου.

429 1854 489 1916 ΔΡ.
531 1841 621 1936 Ἐμοί
655 1842 832 1935 πρόκειται
867 1841 1093 1935 εὐγνωμόνως
1121 1851 1177 1916 καί
1211 1841 1383 1928 εύτάκτως
1412 1845 1479 1936 τῆν
1510 1843 1649 1936 ςῆτησιν

345 1944 561 2037 ποιήσασθαι,
584 1941 626 2016 ού
646 1943 709 2034 γὰρ
731 1942 865 2016 σπεύδω
888 1952 1020 2035 νικῆσαι
1039 1951 1163 2028 κακῶς,
1186 1939 1273 2015 ἀλλὰ
1295 1951 1435 2034 ζητῆσαι
1458 1939 1607 2034 ἀληθῶς.

295 2066 326 2120 15
427 2050 496 2116 AA-
534 2041 754 2134 Ἀποδέχομαί
779 2067 841 2115 σου
868 2043 932 2134 τῆν
956 2050 1152 2133 προθυμίαν
1178 2051 1235 2116 καί
1261 2042 1326 2132 τὴν
1352 2051 1430 2133 περί
1457 2041 1648 2134 τὸνλόγον

344 2142 508 2234 σπουδήν·
531 2138 587 2216 ότι
607 2151 644 2216 δὲ
664 2150 741 2233 περὶ
763 2149 837 2215 τῶν
860 2136 973 2215 ὄντων
995 2137 1089 2215 ούτω
1111 2147 1275 2232 διετέθης,
1297 2141 1346 2226 ὦς
1368 2143 1433 2234 ἄρα
1455 2149 1492 2230 ἐξ
1512 2141 1645 2217 ύποκει·

341 2251 442 2336 μένης
462 2243 558 2328 τινὸς
579 2240 691 2326 ούσίας
718 2250 827 2315 ταῦτα
849 2239 1109 2334 ἐδημιούργησεν
1130 2237 1150 2314 δ
1172 2239 1268 2327 θεός,
1299 2240 1450 2332 πλόττη,
1483 2250 1644 2334 Δροσέριε.

342 2351 397 2414 καὶ
419 2343 481 2434 γὰρ
503 2341 552 2427 ιύς
567 2339 708 2433 ἀληθῶς
730 2338 750 2434 ῆ
766 2350 840 2414 τῶν
858 2350 975 2415 κακῶν
990 2340 1127 2433 ζήτησις
1142 2336 1236 2413 οὕτω
1250 2349 1431 2426 πλείστους
1444 2347 1645 2433 διατεθῆναι

340 2463 443 2516 ποιεῖ·
469 2449 595 2516 πολλοί
617 2442 679 2532 γὰρ
700 2436 829 2531 δμοίως
850 2467 904 2514 σοι
926 2447 1135 2532 διετέθησαν.
1176 2443 1209 2513 σί
1231 2439 1260 2514 δ’
1282 2435 1325 2513 αὖ
1346 2439 1452 2514 πόλιν
1473 2442 1537 2515 τὸν
1558 2444 1644 2516 θεὸν

267 2562 320 2618 20b
341 2542 478 2616 τούτων
499 2542 704 2632 δημιουργὸν
725 2538 964 2632 ἀπεφήναντο,
991 2539 1178 2632 σύγχρονον
1199 2537 1294 2631 αύτῷ
1316 2537 1504 2614 ἀπόστασιν
1526 2549 1643 2615 δοῦναι

339 2649 579 2734 πεφοβημένοι·
602 2641 713 2731 έτεροι
728 2648 765 2714 δὲ
786 2645 824 2712 ἐκ
844 2649 908 2714 τοῦ
923 2648 1121 2731 φοβηθῆναι
1142 2648 1217 2712 τῶν
1230 2647 1349 2713 κακῶν
1363 2641 1513 2732 ποιητῆν
1535 2649 1641 2716 εἰπεῖν

339 2741 401 2814 τόν
423 2739 517 2827 θεόν,
539 2740 726 2831 σύγχρονον
747 2737 842 2832 αύτῷ
865 2748 982 2814 δοῦναι
996 2741 1061 2831 τῆν
1081 2735 1166 2830 ύλην
1187 2743 1314 2828 ἔδοξαν.
1350 2746 1406 2812 καί
1428 2747 1548 2832 συνέβη
1568 2742 1640 2814 ἑκα-

338 2849 448 2932 τέροις
469 2847 506 2914 ἐκ
528 2848 592 2913 τοῦ
614 2841 659 2933 μῆ
680 2835 756 2914 κατ’
777 2839 964 2932 ἐπιστήμην
985 2847 1049 2912 τοῦ
1074 2837 1227 2930 ἀληθοῦς
1247 2847 1444 2931 φοβηθῆναι
1470 2839 1534 2914 τὸν
1556 2841 1640 2915 θεὸν

421 2982 437 3037 1
458 2973 523 3036 οὔτε
534 3010 569 3020 -
579 2980 755 3050 καταλιπεῖν]
773 2979 828 3034 Der
841 2979 915 3036 verr.
933 2979 1042 3035 soheint
1058 2978 1139 3034 einen
1156 2979 1344 3034 verdorbonen
1362 2980 1432 3034 Τεεί
1450 2979 1573 3037 Mem
1591 2981 1638 3035 ab·

335 3064 513 3135 gesohrieben
531 3081 565 3118 zu
581 3064 681 3119 haben.
710 3063 762 3120 Die
779 3081 820 3134 gr.
833 3065 943 3135 Zeugen
958 3064 1046 3119 dieses
1057 3063 1156 3119 Textes
1172 3064 1275 3119 haben:
1294 3062 1360 3118 Οοιλ
1372 3063 1452 3118 Laut.
1465 3058 1539 3130 οὔτε,
1557 3064 1638 3121 ΟυὶεΙ.

335 3146 400 3206 οὐδὲ
417 3148 507 3219 (Ρίιοί.
526 3146 569 3218 σί)
589 3149 645 3204 und
661 3149 729 3204 alle:
747 3153 921 3206 καταλιπεῖν.
949 3137 1159 3204 Βὶεε1.111)εεε.
1177 3147 1285 3203 scheint
1302 3141 1367 3204 οὔτε
1379 3177 1412 3188 -
1424 3147 1575 3206 κατέλιπεν
1593 3167 1638 3221 go·

333 3233 408 3289 lesen
426 3251 460 3288 zu
476 3233 577 3288 habea
611 3233 697 3290 Meth.
716 3233 758 3289 ει1
777 3234 884 3289 Bonw.:
901 3225 976 3289 ὥστε
988 3263 1022 3272 -
1033 3237 1198 3290 καταλιπεῖν
1213 3235 1217 3302 Ι
1233 3232 1252 3287 θ
1270 3229 1483 3304 έδημωόργησε]
1502 3234 1587 3289 Meth.
1605 3241 1638 3299 ÷

334 3314 387 3375 όσα
406 3315 437 3384 ἐξ
447 3315 532 3386 αὐτῆς
544 3313 668 3388 ῆρμσζεν
679 3322 740 3392 θεῷ
752 3321 933 3388 δημιουργεῖν
948 3319 953 3386 Ι
968 3317 988 3374 4
1005 3312 1046 3383 ὣς
1057 3311 1126 3382 ἔπος
1137 3315 1227 3374 είπεϊν
1239 3318 1333 3382 Μαλέα,
1351 3311 1392 3382 ὡς
1403 3313 1496 3373 ἐποίει
1507 3319 1533 3373 δ,
1545 3317 1616 3374 HSS.
1631 3319 1637 3388 Ι

333 3403 407 3458 4-6
425 3397 479 3458 ὅσα
560 3398 689 3475 τρυγώδη
772 3401 808 3459 τὰ
825 3401 909 3459 κακὰ.
939 3401 1003 3474 ng
1020 3401 1102 3458 845&
1117 3403 1156 3472 15
1173 3400 1322 3458 κατέλιπεν
1338 3400 1424 3456 Μείία
1444 3403 1449 3470 Ι
1472 3403 1487 3457 λ
1511 3395 1544 3460 εὖ
1564 3398 1638 3474 ἔχειν

333 3495 449 3560 φρονεῖν
466 3487 564 3555 Μελία,
588 3479 662 3558 ἐχειν
684 3487 800 3544 d.HSS⁸
837 3489 900 3544 Rus.
923 3486 991 3542 fund
1009 3484 1039 3540 in
1061 3486 1150 3541 seiner
1167 3484 1287 3558 Vorlage
1308 3485 1449 3541 disselben
1466 3485 1571 3554 Worte,
1594 3488 1637 3543 die

331 3573 416 3628 Meth.
433 3573 483 3628 hat
505 3572 510 3641 Ι
535 3572 553 3628 8
574 3572 623 3642 Δρ.
642 3573 716 3627 A¹B¹
732 3572 794 3626 Rus.
819 3573 823 3640 Ι
848 3572 937 3638 11112
957 3569 1145 3640 εὐγνωμόνως
1156 3601 1189 3610 -
1201 3567 1369 3643 ἀποκρίνου]
1387 3571 1482 3628 loth.
1494 3571 1531 3630 Β.
1543 3569 1575 3628 S.
1588 3573 1638 3632 14.

331 3656 504 3712 Wiedorholt
520 3656 606 3723 8421),
625 3674 646 3710 ε.
663 3675 700 3710 m.
717 3660 799 3714 Anm.
818 3673 840 3710 τ.
859 3656 885 3712 d.
903 3656 942 3713 st.
957 3658 962 3724 Ι
979 3657 1017 3712 14
1039 3653 1073 3712 οὐ
1090 3652 1145 3728 γὰρ
1157 3684 1191 3695 -
1202 3651 1326 3725 ἀληθῶς]
1343 3655 1438 3712 loth.
1452 3656 1488 3715 Β.
1500 3655 1533 3713 S.
1546 3657 1586 3713 14
1604 3655 1638 3713 οὐ

330 3740 386 3814 γάρ
403 3761 454 3811 μοι
470 3741 504 3797 τό
522 3747 634 3810 νικῆσαι
651 3741 801 3814 πρόκειται
816 3747 926 3807 κακῶς,-
945 3737 1016 3796 ἀλλὰ
1035 3739 1068 3796 τό
1087 3737 1191 3809 ἀληθές
1208 3736 1346 3809 ἐκμαθεῖν
1362 3743 1458 3807 καλῶς
1481 3743 1485 3810 Ι
1511 3741 1549 3798 15
1567 3739 1636 3798 ἀπο·

329 3825 447 3896 δέχομαι
459 3857 492 3866 -
503 3827 578 3882 8421)
595 3824 627 3882 τδ
641 3828 680 3895 μῆ
691 3829 786 3891 καλῶς
798 3822 899 3895 εἰπεῖν]
911 3825 1005 3884 loth.
1017 3825 1053 3883 Β.
1066 3823 1097 3884 S·
1110 3825 1161 3896 12,
1174 3825 1226 3882 18:
1243 3827 1294 3894 τῆν
1310 3823 1364 3894 μὲν
1381 3826 1548 3896 προθυμίαν
1566 3823 1635 3882 ἀπο-

328 3909 446 3982 δέχομαι
463 3913 513 3980 την
532 3912 591 3980 σῆν,
609 3902 634 3966 ὦ
652 3912 723 3982 φίλε,
740 3911 791 3968 καί
808 3929 860 3967 σου
877 3913 927 3980 τῆν
945 3912 1011 3981 περί
1025 3908 1076 3965 τδν
1092 3909 1181 3980 λόγον
1193 3910 1317 3978 σπονδῆν
1334 3905 1455 3965 ἐπαινῶ·
1474 3905 1518 3965 ότι
1529 3909 1559 3966 δὲ
1571 3912 1636 3982 περί

311 4001 385 4051 ,τῶν
407 3989 499 4051 όντων
521 3989 597 4051 σύτω
619 3994 757 4065 διετέθης,
784 3989 825 4062 ὣς
841 3989 899 4068 ἀρα
922 3991 954 4061 έξ
968 3989 1155 4064 ὑποκειμένης
1171 3991 1248 4059 τινδς
1269 3991 1368 4060 οὐσίας
1383 4001 1473 4050 ταῦτα
1491 3991 1634 4067 ἐδημιούρ-

327 4097 412 4152 γησεν
430 4076 447 4136 δ
464 4080 541 4148 θεός,
565 4077 600 4136 οὐ
616 4077 691 4136 πάνυ
707 4100 735 4136 τι
752 4078 911 4150 μέμφομαι.
946 4073 986 4145 ὣς
1004 4075 1119 4147 ἀληθῶς
1135 4075 1192 4150 γὰρ
1209 4077 1226 4147 η
1244 4083 1301 4134 τῶν
1318 4083 1415 4134 κακῶν
1435 4075 1544 4148 γένεσις
1561 4073 1634 4135 οότιο

325 4163 392 4230 τοὺς
408 4164 531 4231 πολλοὺς
547 4167 712 4233 διατεθῆναι
729 4173 814 4222 ποιεῖ.
843 4161 966 4238 καὶγὰρ
983 4161 1039 4237 πρό
1059 4169 1111 4218 σοῦ
1127 4165 1219 4218 τεκαὶ
1236 4159 1308 4232 ἐμοῦ
1324 4164 1428 4219 πολλοί
1444 4181 1519 4229 τινες
1535 4159 1635 4235 ἄνδρες

326 4247 419 4305 ίκανοί
437 4251 502 4320 περὶ
513 4247 615 4305 τούτου
626 4251 677 4318 τῆν
694 4250 830 4321 μεγίστην
842 4251 955 4320 ζήτησιν
967 4245 1146 4318 ἐποιήσαντο.
1176 4249 1226 4304 καί
1238 4244 1267 4303 οί
1282 4246 1335 4316 μέν
1347 4245 1456 4316 ὁμοίως
1467 4245 1634 4317 διετέθησδν

325 4352 384 4402 σοι,
411 4331 440 4390 σί
460 4329 486 4388 δ’
504 4326 540 4389 αὖ
561 4331 645 4390 πάλιν
667 4332 718 4390 τδν
741 4331 813 4390 θεὸν
835 4332 944 4390 τούτων
961 4331 1133 4405 δημιουργόν
1155 4329 1351 4404 ἀπεφήναντο,
1379 4330 1539 4405 σόγχρονον
1557 4329 1633 4405 αύτῷ

324 4415 480 4477 ὑπόστασιν
501 4422 599 4474 δοῦναι
620 4417 828 4491 πεφοβημένοι·
854 4417 983 4476 κάκεῖνοι
1004 4413 1038 4474 ἐκ
1059 4423 1111 4473 τοῦ
1133 4419 1296 4490 φοβηθῆναι
1316 4421 1375 4472 τῶν
1396 4423 1493 4472 κακῶν
1514 4419 1633 4487 ποιητὴν

324 4502 414 4560 εἰπεῖν
434 4503 486 4559 τόν
502 4503 586 4570 θεόν,
615 4502 774 4576 σύγχρονον
793 4501 869 4578 αὐτῷ
887 4505 986 4560 δοῦναι
1001 4503 1053 4571 τῆν
1070 4497 1138 4571 ύλην
1156 4496 1265 4568 ἐδοξαν.
1299 4502 1349 4556 καί
1366 4499 1471 4574 συνέβη
1489 4497 1634 4575 ἑκατέροις

323 4585 355 4643 ἐκ
372 4595 423 4644 τοῦ
439 4589 478 4658 μῆ
495 4583 557 4644 κατ’
575 4585 730 4658 ἐπιστήμην
748 4595 801 4644 τοῦ
818 4585 944 4659 ἀληθοῦς
961 4591 1125 4661 φοβηθῆναι
1140 4585 1192 4643 τόν
1209 4581 1281 4642 θεόν
1300 4584 1334 4641 τό
1351 4587 1390 4656 μῆ
1407 4588 1505 4652 καλῶς
1522 4585 1629 4654 είπεῖνΙ

323 4673 363 4728 20
381 4671 487 4727 διδόναι
504 4673 526 4727 F
541 4675 545 4742 ί
561 4673 600 4729 28
618 4675 657 4743 μὴ
675 4683 709 4733 <
726 4673 758 4741 C,
774 4674 814 4742 μῆ
831 4668 857 4728 τ’
874 4670 962 4729 έπιστ.
980 4673 1011 4739 Β,
1028 4666 1093 4741 μηδ’
1110 4669 1197 4729 ἐπιστ.
1215 4671 1299 4728 DEG.
