3744 5528
200 507 314 581 Caspari
330 507 355 562 V
374 525 396 562 c.
415 509 456 564 16.
796 507 905 578 Dialog.
1446 511 1506 574 205

282 682 337 744 Ad.
351 683 390 744 d:
413 676 492 742 Cum
507 677 646 760 coeperit
659 698 761 742 sermo
780 679 959 760 procedere,
978 681 1127 760 arguetur
1142 675 1196 759 qui
1212 675 1373 740 contendit
1385 675 1509 740 iniuste.

281 785 358 844 Mor.
379 783 418 844 d:
455 777 594 842 Definiat
622 777 830 842 Adamantius
867 779 953 860 quod
987 797 1100 859 corpus
1135 775 1212 840 dicit
1240 795 1415 860 resurgere:
1446 797 1509 859 quo

200 878 440 956 circumdamur,
460 877 514 942 uel
536 899 599 960 quo
620 877 785 956 uincimur‚
807 900 847 941 an
869 877 955 942 aliud
977 875 1125 960 spiritale.

283 981 339 1043 Ad.
359 981 399 1043 d:
421 976 492 1042 Hoc
515 998 628 1060 corpus
650 977 720 1044 dico
742 996 906 1061 resurgere
929 997 992 1060 quo
1015 975 1252 1041 circumdemur.

165 1084 181 1136 5
282 1077 374 1159 (Mor.
395 1076 452 1160 da>
480 1076 582 1141 Adest
606 1077 750 1160 protinus
779 1075 948 1142 manifesta
979 1075 1165 1154 confutatio,
1195 1097 1276 1159 quae
1304 1076 1410 1158 arguit
1439 1097 1511 1140 eum

200 1178 308 1261 inique
328 1176 539 1260 proposuisse.
573 1175 694 1260 Corpus
721 1176 837 1241 etenim
862 1176 999 1242 hominis
1017 1195 1116 1240 neca
1145 1196 1242 1259 puero
1267 1196 1369 1258 usque
1399 1176 1438 1238 ad
1464 1197 1510 1240 se·

201 1280 360 1342 nectutem
380 1298 479 1340 unum
500 1279 594 1359 atque
620 1276 704 1340 idem
729 1280 899 1360 permanet,
931 1275 1047 1359 quippe
1073 1297 1145 1340 cum
1171 1274 1346 1340 substantia
1371 1273 1510 1357 corporis

200 1399 322 1460 semper
343 1379 521 1440 demutetur
543 1379 574 1440 et
595 1375 721 1442 defluat
756 1375 848 1452 Quod
875 1394 950 1459 ergo
977 1379 1053 1440 tunc
1083 1374 1160 1439 dicis
1188 1395 1300 1458 eorpus
1326 1377 1511 1459 resurgere?

200 1475 320 1560 puerile
340 1474 428 1550 illud,
451 1497 491 1538 an
511 1475 612 1555 uirile,
634 1498 674 1540 an
695 1475 816 1541 senile?

151 1577 184 1632 10
283 1580 338 1640 Ad
358 1579 398 1640 d.:
419 1574 560 1640 Pictores
582 1580 693 1641 nautas
715 1577 747 1639 et
768 1576 993 1659 gubernatores
1014 1573 1067 1639 uel
1085 1574 1191 1640 fabros
1214 1574 1379 1658 pingentes
1397 1574 1511 1657 guber-

201 1697 276 1739 nare
297 1674 350 1739 uel
372 1673 526 1739 fabricare
550 1697 615 1740 non
635 1680 761 1740 norunt.
799 1673 902 1740 Simili
927 1677 1022 1740 modo
1049 1673 1143 1738 etiam
1169 1672 1311 1738 Marinus
1337 1694 1511 1738 sermonem

201 1773 335 1859 protulit
358 1774 448 1840 ouius
468 1774 535 1837 uim
559 1778 590 1838 et
609 1773 829 1858 probationem
851 1775 1010 1858 assignare
1031 1796 1095 1839 non
1116 1771 1228 1856 potuit.

285 1878 371 1938 Eutr.
392 1878 431 1937 d:
453 1871 560 1938 Uelim
585 1874 783 1940 manifestius
809 1876 918 1938 audire
943 1875 1102 1957 quomodo
1128 1894 1192 1937 non
1220 1877 1268 1938 est
1289 1872 1372 1937 idem
1398 1891 1511 1954 corpus

201 1972 339 2040 hominis
359 1995 379 2036 a
399 1994 496 2056 puero
518 1995 619 2057 usque
641 1976 681 2038 ad
702 1977 904 2039 senectutem.

152 2073 185 2127 15
283 2079 360 2138 Mar.
381 2078 421 2140 d:
450 2071 584 2138 Fluidee
612 2078 643 2138 et
663 2073 825 2138 mutabilis
852 2078 983 2137 naturae
1009 2076 1056 2137 cst
1083 2094 1205 2156 corpus,
1236 2077 1267 2138 et
1291 2073 1364 2137 ideo
1390 2092 1513 2154 semper

204 2171 314 2238 defluit
335 2177 366 2237 et
388 2171 530 2238 ciborum
551 2173 728 2238 accessione
749 2177 897 2238 mutetur.
936 2172 1080 2256 Denique
1105 2195 1162 2256 per
1187 2171 1417 2257 aegritudinem
1439 2192 1512 2236 con—

204 2276 343 2338 sumtum
365 2275 396 2336 et
416 2273 610 2338 tabefactum
624 2294 749 2338 rursum
771 2272 849 2337 cibis
866 2277 897 2336 et
918 2273 1074 2338 alimentis
1089 2271 1265 2336 restituitur
1286 2275 1318 2336 et
1335 2272 1512 2335 innonatur.

287 2371 354 2454 (Ad.
376 2369 451 2454 d.:*)
483 2370 531 2436 Sit
553 2371 680 2456 quidem
708 2373 828 2450 ethos,
853 2375 890 2436 ut
912 2371 1030 2436 defluat
1056 2376 1088 2436 et
1108 2371 1249 2436 tabescat
1270 2376 1302 2436 et
1326 2391 1434 2434 rursus
1455 2390 1513 2452 per

206 2472 293 2537 cibor
312 2474 481 2554 reparetur.
518 2470 600 2546 Quid
621 2475 709 2536 tum?

297 4687 314 4742 c
331 4686 399 4743 Mar.
418 4687 453 4757 d.]
472 4687 552 4742 Diese
569 4687 666 4743 Worte
684 4687 746 4742 sind
763 4687 801 4742 im
817 4687 883 4744 uod.
901 4689 1072 4759 ausgefallen
1087 4691 1091 4758 1
1108 4690 1144 4746 lu
1161 4689 1229 4760 tum]
1249 4689 1314 4746 cod.
1331 4694 1390 4745 tud.
