3744 5528
211 501 322 574 Caepari
339 502 365 556 V
383 519 405 557 a.
423 503 464 559 25.

293 1076 318 1120 a
339 1055 452 1124 XXV.
486 1060 563 1122 Mur.
581 1061 622 1122 d:
644 1055 910 1139 (Manifestissime
930 1057 1008 1124 dieit
1028 1059 1089 1124 hoo
1109 1057 1278 1141 apostolus,
1301 1057 1406 1143 quia*)
1426 1063 1515 1124 serut-

208 1165 301 1220 nutur
326 1177 434 1236 eorpus
458 1160 598 1234 animale,
629 1167 729 1237 serpet
757 1179 863 1238 eorpus
892 1161 1031 1239 piune,
1058 1162 1227 1222 seminatur
1255 1163 1290 1222 ia
1318 1163 1514 1240 corruptione,

208 1265 309 1336 erepet
326 1259 362 1318 ia
381 1259 610 1337 incorruptione.

291 1353 359 1434 (Ad
381 1358 421 1420 d:
443 1352 515 1419 Hoa
536 1359 591 1434 est,
613 1358 653 1418 ad
675 1358 760 1439 quod
781 1355 923 1437 superius
937 1354 1162 1437 respondimus,
1186 1356 1260 1440 quia
1278 1378 1392 1440 eorpus
1413 1362 1515 1423 terrae

174 1456 392 1518 emendatum
418 1476 482 1520 non
507 1457 627 1518 nudum
648 1458 793 1538 resurgat
818 1458 874 1518 aut
893 1453 1073 1538 inglorium,
1099 1458 1155 1520 sed
1175 1456 1319 1539 deposita
1339 1457 1427 1523 omni
1448 1479 1514 1523 eor·

208 1553 364 1637 ruptionis
384 1551 564 1636 fragilitate.
600 1551 690 1619 Siout
704 1553 787 1618 enim
803 1573 935 1637 granum
949 1553 1106 1629 frumenti,
1128 1553 1217 1619 errius
1231 1555 1394 1638 apostolus
1408 1557 1515 1640 posuit

210 1651 400 1734 exemplum,
421 1651 455 1716 in
475 1657 558 1717 terra
578 1653 710 1718 missum
730 1673 849 1717 nouum
871 1671 1003 1736 granum
1028 1654 1177 1738 resurgit,
1202 1676 1305 1739 neque
1326 1654 1408 1720 illud
1430 1659 1515 1740 quod

209 1773 248 1817 ex
273 1772 309 1816 eo
337 1752 477 1816 aseendit
502 1771 636 1836 granum
662 1752 789 1832 dieitur,
815 1754 870 1817 sed
890 1750 988 1816 herba
1008 1750 1061 1816 uel
1082 1751 1204 1817 eudmus
1230 1753 1283 1818 uel
1304 1755 1392 1838 epioe
1413 1755 1514 1821 nomi·

208 1855 312 1915 natur:
339 1850 385 1914 ita
407 1855 438 1916 et
458 1851 595 1917 hominis
617 1872 739 1934 eorpus,
761 1850 910 1934 quoniam
931 1849 1018 1914 omni
1039 1851 1211 1935 fragilitate
1233 1853 1375 1936 deposita
1395 1853 1513 1920 cernuli

157 1957 191 2012 10
208 1951 351 2035 resurgit,
378 1951 461 2015 sieut
481 1948 643 2032 apostolus
666 1950 751 2030 dioit,
776 1953 808 2014 et
829 1950 951 2015 abiecta
971 1950 1171 2033 oorruptione
1193 1951 1331 2017 efficitur
1352 1952 1513 2037 incorrup-

208 2051 275 2114 tum
303 2053 334 2113 et
360 2048 503 2132 deposita
528 2048 700 2133 fragilitate
726 2069 854 2134 surgere
879 2049 995 2114 dieitur
1018 2047 1053 2112 in
1078 2049 1195 2116 uirtute
1226 2054 1258 2115 et
1283 2051 1405 2116 abiecta
1429 2074 1513 2118 mor-

206 2149 328 2213 talitate
359 2147 497 2212 efficitur
520 2147 707 2228 immortale,
735 2147 879 2231 deposita
899 2147 1073 2231 ignominia
1101 2151 1210 2234 surget
1230 2149 1264 2214 in
1290 2149 1399 2234 gloria
1442 2150 1513 2218 Hoe

206 2247 270 2312 tale
280 2269 392 2331 eorpus
407 2247 453 2312 ite
464 2250 501 2311 ut
515 2249 661 2313 omnibus
676 2247 761 2312 uitiis
776 2251 984 2332 expurgatum
998 2247 1139 2330 spiritale
1153 2248 1328 2313 nominauit
1342 2251 1513 2335 apostolus

207 2346 328 2431 Corpus
350 2351 456 2411 tamen
477 2345 569 2426 dixit,
596 2351 627 2412 et
653 2348 720 2413 siue
745 2346 779 2411 id
798 2347 977 2412 immortale
999 2349 1066 2412 siue
1088 2347 1261 2432 gloriosum
1282 2349 1349 2413 siue
1371 2349 1512 2433 spiritale

156 2451 188 2505 15
206 2447 331 2524 dixerit,
356 2467 513 2529 nusquam
534 2451 639 2512 tamen
663 2471 682 2512 a
703 2447 842 2532 eorporis
864 2446 1075 2530 appellatione
1102 2447 1245 2512 diseessit
1270 2447 1388 2513 dieens:
1415 2453 1511 2516 Serni-

205 2556 296 2610 uutar
316 2569 422 2627 eorprrs
443 2551 581 2626 animale,
606 2557 706 2629 surget
726 2571 832 2628 eorpus
852 2551 992 2628 spiritale,
1017 2545 1107 2610 uelut
1128 2546 1155 2610 si
1177 2547 1307 2613 diceret:
1333 2544 1514 2612 Seminatur

206 2664 340 2730 granum
353 2645 512 2725 frumenti,
534 2646 637 2731 surgit
649 2646 760 2712 uiridis
783 2645 904 2710 eulmus
927 2649 958 2710 et
972 2645 1067 2728 spina
1098 2644 1141 2710 Et
1162 2647 1233 2729 quis
1255 2668 1366 2711 sanum
1388 2647 1511 2729 sapiens

205 2745 288 2810 dieet
274 2746 384 2830 tquia
405 2744 491 2809 aliud
513 2768 608 2830 quam
628 2746 816 2812 seminatum
838 2745 941 2811 fueret
961 2744 1138 2822 resurrexit,
1116 2750 1216 2828 tpro
1239 2767 1275 2810 eo
1298 2747 1391 2830 quod,
1413 2765 1510 2830 grano

204 2845 292 2909 arido
314 2843 476 2924 seminato,
497 2845 608 2912 uiridis
631 2845 753 2911 eulmus
774 2845 934 2910 aseendit?
962 2843 1056 2910 Unde
1078 2849 1110 2909 et
1130 2844 1323 2927 apostolus
1314 2867 1347 2908 ιιι
1368 2844 1417 2910 his
1438 2847 1511 2910 sub-

152 2944 187 3000 20
205 2945 353 3008 stantiam
382 2943 478 3008 simul
510 2945 757 3031 qualitatemque
788 2951 1019 3011 commemorat
1061 2941 1146 3008 Nam
1173 2943 1512 3026 candicantem,

204 3044 295 3108 subst
281 3043 412 3108 tantiam
435 3045 587 3129 designat,
617 3066 689 3110 eum
713 3065 789 3109 uero
812 3045 907 3110 diest:
935 3047 1064 3110 animale
1084 3042 1148 3109 uel·
1178 3048 1320 3124 aranu,
1351 3047 1389 3108 de
1411 3043 1511 3128 quali·

203 3143 323 3208 tatibus
345 3142 448 3226 loquit
448 3165 493 3208 ur.
536 3143 571 3208 si
593 3163 668 3228 ergo
691 3143 768 3210 dieit
793 3142 977 3228 qualitatem
1003 3143 1143 3226 eorporis
1169 3141 1371 3208 animalem
1362 3167 1396 3208 m
1422 3143 1512 3228 spiri·

204 3241 300 3307 talem
323 3240 508 3326 qualitatem
528 3245 721 3322 mutandam,
743 3266 807 3309 non
827 3243 945 3309 ideireo
967 3242 1161 3308 substantiae
1186 3241 1313 3307 mutilat
1339 3242 1512 3309 ueritatem

204 3340 361 3407 Profieere
376 3343 454 3408 dicit
473 3343 507 3406 in
527 3343 650 3425 melius,
672 3345 806 3409 sicutne
828 3341 977 3407 frumenti
992 3342 1119 3426 quidem
1141 3341 1317 3406 substantia
1336 3346 1392 3406 aut
1411 3347 1512 3407 muta-

154 3446 190 3501 25
205 3445 258 3506 tur
287 3445 342 3506 aut
368 3442 502 3526 deperit,
533 3465 605 3508 eum
626 3465 664 3508 ex
690 3461 789 3528 grano
818 3441 914 3508 uiridi
937 3441 1059 3507 eulmus
1084 3441 1196 3506 uiridis
1216 3440 1269 3507 uel
1295 3441 1383 3525 spida
1404 3441 1513 3527 surgit

205 3539 282 3606 Non
313 3561 387 3626 ergo
416 3542 502 3607 aliud
532 3543 596 3608 diei
620 3542 737 3626 poterit
767 3563 834 3607 esse
863 3542 924 3607 nisi
950 3563 1072 3627 eorpus,
1104 3543 1190 3625 quod
1210 3541 1355 3626 resurgit,
1386 3545 1417 3606 et
1438 3541 1514 3607 lieet

205 3639 346 3724 spiritale
366 3641 497 3722 dieatrn,
519 3642 595 3727 quia
609 3663 648 3706 ex
669 3640 787 3706 semine
805 3641 897 3706 huius
920 3641 1059 3726 eorporis
1079 3639 1161 3706 illud
1181 3642 1323 3706 aseendit
1345 3646 1384 3721 et,
1405 3643 1513 3724 eadem

205 3743 394 3823 perdurante
423 3741 607 3820 substantia,
637 3741 706 3806 sola
734 3740 870 3825 qualitas
899 3740 934 3804 in
962 3740 1075 3806 melius
1105 3745 1137 3805 et
1165 3738 1333 3824 gloriosius
1368 3740 1514 3806 immuta·

206 3839 330 3923 bitur.*)
373 3838 528 3925 Alioquin
549 3843 721 3906 seeundum
741 3844 781 3918 te,
812 3840 887 3923 quia
908 3840 998 3905 dieis:
1026 3845 1110 3905 Deus
1135 3849 1235 3905 autern
1255 3843 1305 3904 dut
1329 3844 1377 3904 uu
1396 3861 1512 3922 eorpus,

155 3951 189 4008 30
200 3951 294 4021 prout
313 3944 392 4014 uult,
422 3943 454 4004 et
474 3939 561 4005 aliud
581 3940 630 4005 uis
654 3941 683 4004 ei
704 3939 772 4004 dari
794 3961 908 4022 eorpus
929 3937 1070 4023 spiritale
1092 3942 1178 4023 quod
1199 3961 1264 4004 non
1284 3961 1322 4004 ex
1342 3939 1402 4004 hae
1420 3960 1513 4005 earne

205 4039 401 4122 processerit,
422 4040 485 4104 dia:
509 4039 587 4116 Quis
609 4043 657 4103 est
679 4038 729 4102 uui
750 4038 839 4103 dabit
860 4040 994 4122 eorpus?

290 4155 309 4210 8
329 4153 395 4210 cod.
414 4153 646 4225 inaorrnptionem
661 4155 665 4222 Ι
681 4153 700 4208 4
717 4152 772 4208 Der
789 4157 895 4222 grtsste
906 4152 967 4208 Teil
984 4153 1031 4208 des
1048 4152 1113 4224 Gap.
1126 4153 1159 4210 25
1179 4152 1254 4207 »Hae
1271 4153 1313 4208 est
1323 4182 1357 4192 —
1369 4152 1514 4222 gloriosius

176 4261 183 4270 ·
205 4238 411 4294 immutabitur«
436 4239 523 4294 findet
544 4238 603 4293 siah
624 4237 703 4292 nieht
724 4235 754 4292 in
776 4238 830 4292 den
852 4255 892 4308 gr.
910 4237 981 4292 HSS.
1010 4226 1084 4292 Uber
1106 4237 1151 4292 die
1173 4234 1303 4292 ththoit
1325 4254 1346 4291 a
1364 4235 1437 4292 llinl.
1455 4238 1471 4305 θ
1488 4240 1513 4294 5.

205 4323 273 4376 —B
288 4325 292 4390 Ι
311 4324 356 4390 ue
375 4322 442 4379 uod.
461 4323 535 4392 quod
552 4339 586 4378 ex
605 4339 637 4378 eo
655 4321 729 4391 quod
746 4321 870 4378 moendit
885 4324 888 4390 Ι
905 4324 942 4379 11
962 4321 1027 4378 cod.
1045 4319 1074 4374 in
1092 4320 1194 4376 uirtute
1214 4323 1219 4390 l
1240 4321 1279 4377 18
1296 4321 1338 4375 ita
1354 4320 1395 4391 ut]
1413 4321 1448 4377 So
1466 4320 1514 4376 der

206 4407 271 4462 (lod
295 4407 430 4477 itaquel}
447 4407 536 4474 lello
554 4405 642 4462 ldor.
657 4407 701 4462 15:
714 4409 749 4462 44
764 4407 768 4476 Ι
783 4405 824 4462 20
842 4405 907 4462 cod.
920 4423 982 4461 oum
994 4405 1105 4461 diceret
1136 4403 1247 4458 »Dicat«
1266 4405 1335 4460 wird
1352 4421 1407 4460 von
1425 4421 1513 4460 »oom-

205 4495 365 4558 memorat«,
386 4491 543 4562 »designat«
562 4491 621 4546 und
640 4507 718 4545 »eum
734 4506 800 4546 uero
818 4491 907 4546 dieat«
927 4490 1066 4562 geiordert
1085 4489 1089 4556 Ι
1110 4489 1149 4544 22
1168 4487 1234 4544 God.
1252 4489 1388 4544 animulis.
1421 4489 1514 4544 Duroh

206 4575 389 4646 Einwirlmng
401 4576 448 4632 des
460 4593 574 4646 rorang.
589 4574 737 4646 noorporis·
755 4576 759 4644 Ι
776 4575 814 4632 25
831 4575 897 4630 Man
915 4577 1044 4630 erwartet
1054 4573 1126 4628 uach
1140 4571 1258 4641 »sugit«
1272 4571 1369 4629 Worte
1380 4573 1432 4628 wie
1451 4573 1514 4628 »sad

205 4660 235 4716 in
244 4660 472 4732 meliusprofieit«
486 4663 489 4730 Ι
502 4661 542 4717 26
551 4663 580 4716 et
589 4659 663 4729 lieet]
675 4659 770 4716 »lieet«
782 4659 854 4716 ohne
864 4659 946 4715 »etet
961 4659 965 4726 Ι
982 4657 1021 4716 28
1030 4656 1095 4714 Ood.
1105 4656 1236 4727 qualitasi
1251 4658 1256 4724 Ι
1272 4657 1311 4716 22
1322 4661 1337 4714 1
1347 4657 1407 4714 Gor.
1417 4660 1462 4715 15:
1472 4657 1513 4714 32
