3744 5528
211 497 382 568 0888881111
400 515 422 552 8.
440 499 465 554 8.
483 497 508 554 9.
810 501 918 571 Dialog.
1463 507 1520 569 159

213 671 335 732 utnon
357 671 461 732 essent
481 667 572 747 mala,
598 667 741 751 permisit
762 691 798 734 ea
820 692 896 750 esse,
921 691 959 734 ex
981 691 1017 735 eo
1039 669 1205 752 praecipue
1232 692 1269 734 ex
1291 690 1354 753 quo
1381 670 1414 734 in
1441 692 1520 753 opus

214 789 306 832 suum
332 765 482 832 materiae
509 767 625 832 dieitur
650 769 855 852 assumpsisse
881 769 1097 834 substantiam
1133 767 1168 832 Si
1194 770 1277 833 enim
1302 792 1413 834 reuera
1441 769 1521 834 nihil

214 869 254 930 ad
275 866 325 931 sui
346 887 454 931 euram
476 869 520 930 de'
535 869 667 932 materia
687 873 872 948 remeasset,
895 873 1060 934 extraneus
1081 869 1175 934 etiam
1201 893 1220 933 a
1242 871 1332 954 eulpa
1353 870 1521 934 uideretur.

215 966 295 1032 Cum
315 987 392 1031 8888
413 970 536 1049 partem
558 967 624 1032 eius
646 967 736 1032 uelut
756 970 821 1034 suis
841 969 951 1034 usibus
972 969 1178 1034 necessariam
1200 969 1375 1053 sumpserit
1401 972 1522 1052 partem

179 1073 289 1132 tuere
318 1066 384 1130 eius
415 1065 449 1129 18
478 1065 569 1130 malis
599 1067 762 1150 reliquerit
790 1089 980 1151 permanere,
1011 1091 1082 1134 eum
1108 1090 1176 1133 eam
1207 1071 1330 1134 uertere
1355 1074 1463 1152 posset
1488 1070 1520 1133 in

214 1168 345 1244 bonum,
376 1165 447 1248 quis
472 1188 536 1231 non
561 1166 669 1231 uideat
698 1167 802 1250 ipsum
832 1190 958 1233 eausam
988 1167 1065 1232 mali
1090 1169 1283 1233 substantiae
1309 1169 1521 1251 praestitisse?

215 1263 276 1341 Qui
298 1287 370 1330 eum
390 1269 493 1330 totum
514 1266 645 1332 baberet
665 1267 699 1331 in
719 1267 837 1332 uirtute
860 1273 1054 1348 conuertere,
1081 1272 1203 1351 partem
1223 1271 1320 1333 uertit
1341 1269 1374 1333 in
1396 1267 1521 1344 bonum,

212 1370 335 1448 partem
360 1364 489 1448 reliquit
513 1365 547 1428 in
574 1365 671 1444 malo,
702 1366 736 1431 in
758 1389 821 1450 quo
844 1367 939 1433 etiam
959 1367 1009 1431 bis
1040 1389 1120 1450 quae
1146 1391 1220 1432 ase
1246 1368 1371 1432 1888881
1397 1365 1523 1431 condita

212 1463 379 1529 insidiatus
415 1465 549 1544 uidetur,
586 1487 659 1530 eum
695 1467 739 1531 eis
775 1467 949 1532 reseruauit
987 1470 1108 1550 partem
1149 1468 1360 1532 aduersariam
1400 1487 1523 1550 semper

163 1568 197 1622 10
214 1565 362 1630 futuram.
398 1563 460 1629 Sed
481 1563 508 1628 si
532 1564 602 1648 quis
627 1565 810 1650 diligentius
837 1566 995 1646 disentiat,
1022 1567 1163 1632 inueniet
1191 1565 1292 1650 ipsam
1319 1566 1523 1630 materiama

214 1663 375 1730 conditore
397 1663 525 1747 grauius
548 1664 669 1747 aliquid
696 1687 763 1730 8888
784 1687 965 1748 perpessam
991 1688 1087 1750 quam
1112 1671 1201 1745 tune,
1228 1686 1301 1729 cum
1326 1664 1470 1729 informis
1492 1669 1524 1728 et

214 1761 391 1827 inordinate
413 1762 579 1843 ferebatur,
601 1765 683 1847 8818,
707 1786 780 1830 eum
802 1765 908 1830 omnia
927 1766 961 1829 in
983 1787 1016 1830 ss
1043 1765 1137 1830 simul
1158 1765 1340 1831 uiderentur
1366 1786 1433 1829 esse
1453 1786 1522 1847 per·

215 1862 320 1940 mixta,
343 1861 447 1927 minus
461 1863 686 1929 meracioribus
700 1866 896 1949 urguebatur
909 1864 1009 1930 melis.
1034 1863 1071 1929 In
1087 1869 1240 1948 quantum
1257 1864 1340 1929 enim
1355 1865 1523 1928 accessisse

214 1963 370 2027 bonorum
396 1962 511 2027 dixeris
537 1963 703 2042 conditori,
731 1964 764 2026 in
790 1967 914 2028 tantum
938 1987 1065 2030 neeesse
1096 1968 1144 2030 est
1169 1967 1276 2028 deesse
1297 1963 1453 2028 materiae.
1490 1961 1525 2027 Si

163 2072 197 2125 15
214 2082 290 2128 8888
311 2061 422 2126 dicatis
444 2082 508 2126 non
528 2063 669 2145 petuisse
690 2066 783 2128 deum
804 2063 982 2129 interimere
996 2065 1087 2144 mala¹
1109 2063 1275 2148 negabitur
1296 2086 1352 2147 per
1373 2064 1434 2129 boe
1456 2083 1523 2127 esse

215 2160 414 2244 omnipotens
440 2163 530 2240 1888,
560 2161 646 2244 8818,
677 2163 704 2226 81
730 2165 778 2227 881
803 2162 923 2246 aliquid
938 2197 939 2200 ¹
954 2167 1040 2247 quod
1065 2186 1128 2230 888
1153 2167 1259 2247 potest
1280 2165 1364 2240 deus,
1394 2165 1523 2226 naturae

215 2261 282 2325 eius
308 2259 475 2325 infirmitas
504 2262 710 2326 accusabitur.
747 2260 809 2339 Qui
840 2263 922 2327 enim
949 2285 1013 2328 non
1043 2267 1149 2346 potest
1177 2268 1232 2327 aut
1262 2262 1433 2348 fragilitate
1467 2283 1524 2326 sua

215 2359 335 2444 aliquid
350 2382 415 2425 non
436 2363 549 2443 potest,
572 2365 627 2425 aut
642 2364 729 2427 metu
742 2361 878 2426 vincitur
899 2362 1048 2428 fortioris.
1086 2361 1177 2428 Certe
1191 2361 1248 2426 illo
1270 2362 1339 2443 ipso
1354 2360 1525 2426 1888111188

216 2459 276 2523 8811
298 2462 384 2543 8881
404 2459 532 2525 8188888
553 2483 618 2526 888
640 2465 753 2544 petest
775 2464 807 2526 et
828 2466 920 2526 erunt
941 2465 1113 2527 seeundum
1133 2482 1192 2526 uos
1206 2460 1289 2525 mala
1310 2461 1442 2525 fortiora
1456 2462 1524 2538 188,

163 2565 198 2620 20
216 2561 301 2642 8881
322 2560 432 2642 utique
452 2560 587 2643 impium
608 2563 726 2643 pariter
747 2565 779 2624 81
800 2562 971 2625 absurdum
994 2566 1048 2641 881,
1071 2583 1142 2627 eum
1165 2565 1248 2626 certe
1265 2563 1341 2625 1888
1362 2558 1443 2624 illud
1457 2581 1524 2624 esse

215 2658 337 2723 dicatur
359 2680 422 2742 quo
443 2679 544 2742 neque
562 2660 676 2724 1881188
696 2658 824 2742 8118811,
846 2681 949 2744 88888
962 2660 1083 2740 melius,
1103 2682 1206 2745 neque
1220 2659 1335 2724 rectius
1349 2658 1522 2735 inuenitur;

215 2761 388 2822 secundum
409 2756 573 2823 Ualentini
595 2763 700 2823 autem
721 2762 882 2823 decretum
902 2759 1103 2825 inuenientur
1121 2759 1205 2825 mala
1224 2758 1364 2824 omnium
1383 2757 1521 2823 fortiora

300 2878 325 2922 e.
346 2858 415 2925 IX.
450 2863 538 2924 Dros.
560 2863 600 2923 d:
631 2857 718 2942 Ergo
749 2857 931 2943 diligentius
960 2859 1078 2943 requiri
1104 2861 1197 2924 debet
1226 2860 1308 2923 unde
1339 2858 1402 2922 sint
1431 2857 1521 2922 mala.

218 2955 252 3021 Si
274 2956 357 3021 enim
378 2959 542 3024 materiam
562 2979 685 3042 semper
705 2957 803 3023 181888
825 2960 976 3024 8888188
999 2958 1147 3036 dieamus,
1168 2979 1278 3024 reuera
1294 2957 1394 3021 multa
1415 2979 1522 3023 eonse-

165 3067 199 3122 25
218 3060 358 3140 quantur
379 3058 522 3124 absurda
558 3057 614 3122 Sin
636 3062 742 3122 autem
762 3078 865 3141 neque
887 3060 925 3122 de
947 3058 1086 3134 88818818,
1110 3079 1214 3140 88888
1241 3079 1279 3122 ex
1305 3061 1363 3123 deo
1391 3058 1522 3123 1188818

218 3160 291 3220 sunt
307 3156 402 3232 mala,
424 3161 507 3222 unde
529 3157 594 3222 sint
616 3157 791 3223 necessario
812 3156 1035 3240 requirendum
1058 3163 1112 3222 est

300 3261 355 3320 Ad.
386 3261 425 3322 d:
456 3255 502 3338 (Si
533 3275 608 3340 ergo
638 3255 742 3339 patuit
770 3257 830 3321 tibi
859 3261 969 3322 centra
1002 3257 1156 3322 rationem
1186 3257 1263 3322 reeti
1293 3278 1359 3322 esse
1395 3279 1475 3341 8888
1505 3280 1524 3321 8

217 3355 387 3420 Ualentino
411 3355 540 3420 definita
560 3359 642 3435 8881,
663 3357 769 3439 accipe
790 3378 875 3421 nunc
897 3361 931 3420 81
952 3379 985 3422 88
1009 3357 1125 3422 8881188
1146 3355 1280 3440 babeat.)
1315 3356 1401 3421 Mala
1421 3378 1523 3440 neque

218 3457 390 3520 secundum
419 3459 572 3534 naturam,
602 3476 703 3539 88888
733 3459 905 3520 seeundum
933 3456 1151 3536 substantiam,
1181 3459 1235 3521 sed
1267 3479 1305 3522 ex
1334 3456 1430 3521 animi
1451 3477 1523 3539 pro-

165 3555 321 3638 seposito
350 3554 431 3619 fiunt
460 3559 492 3619 et
517 3578 556 3620 ex
582 3555 703 3620 arbitrii
727 3554 873 3620 libertate
899 3559 954 3621 881
977 3556 1011 3620 18
1033 3555 1155 3621 actibus
1177 3556 1286 3621 autin
1306 3555 1523 3622 uoluntatibus

217 3654 427 3720 inueniuntur.

304 4158 323 4212 8
342 4156 408 4214 Cod.
425 4160 512 4226 88881
529 4158 594 4212 eod.
612 4160 734 4212 materea
749 4160 753 4226 1
769 4157 833 4213 Cod
853 4175 1001 4214 resecasse.
1031 4158 1095 4229 Vgl.
1112 4158 1156 4213 ob.
1174 4159 1187 4212 Ι
1205 4174 1227 4212 8
1241 4158 1273 4212 21
1292 4162 1372 4212 Anm.
1391 4178 1413 4212 8.
1426 4161 1524 4228 posset,

218 4243 245 4295 Π
263 4258 286 4295 8.
305 4244 336 4296 11
355 4245 436 4298 dnm.
455 4261 477 4296 8.
496 4259 561 4307 8888,
584 4243 610 4297 ΙΙ
627 4260 650 4297 c.
669 4243 701 4297 13
719 4246 801 4299 Anm.
822 4263 843 4298 8.
862 4243 998 4299 conferret
1017 4244 1021 4311 1
1040 4242 1058 4296 4
1076 4243 1140 4298 081.
1158 4243 1204 4297 881
1221 4246 1253 4297 81
1272 4245 1275 4311 Ι
1297 4243 1336 4299 11
1355 4241 1420 4298 eod.
1438 4259 1523 4297 mera·

221 4326 345 4392 tioribus,
363 4327 415 4381 mit
434 4345 478 4381 »et
498 4327 566 4382 tiber
583 4327 609 4382 d.
628 4328 654 4381 Z.
675 4326 737 4397 1114
754 4326 819 4382 081.
840 4327 1010 4383 conditerem
1033 4330 1038 4394 1
1063 4329 1099 4384 11
1120 4326 1185 4382 eod.
1204 4327 1390 4391 accusabatur,
1413 4327 1465 4381 mit
1484 4329 1523 4382 »i«

221 4410 289 4464 iiber
307 4409 332 4465 1.
346 4412 372 4465 Ζ.
388 4413 392 4480 1
408 4412 466 4482 sua]
486 4411 550 4468 eod.
567 4411 729 4479 8811241218
748 4411 814 4467 Cod.
833 4411 1157 4467 81881188811818188181
1174 4411 1296 4481 Caspari:
1321 4413 1525 4479 consequenter.

221 4495 289 4548 -B
313 4497 318 4561 Ι
342 4497 379 4550 21
399 4496 451 4550 Die
468 4494 733 4566 eingsklammerten
749 4495 847 4551 Warte
864 4495 957 4551 1818188
974 4497 1012 4551 im
1030 4515 1070 4566 gr.
1087 4497 1117 4552 T.
1152 4497 1212 4552 Ruf.
1231 4496 1345 4560 subsint,
1368 4495 1457 4550 seiner
1474 4495 1524 4552 Ge·

221 4579 464 4647 8818181188818,
487 4580 540 4635 den
558 4581 797 4651 zusammenhang
813 4583 966 4637 verbsssert
989 4580 1143 4646 88188188,
1166 4581 1267 4636 ebenso
1284 4579 1336 4635 wie
1355 4581 1419 4650 Cap.
1438 4581 1471 4635 10
1487 4579 1525 4633 im

221 4664 285 4719 1181.
305 4665 373 4719 -Β
388 4666 393 4733 1
409 4664 507 4735 patuit]
526 4665 591 4721 Ced.
609 4665 675 4720 8188
691 4665 872 4720 118881181188
889 4665 934 4720 bei
953 4664 1075 4736 crispari:
1094 4665 1192 4737 potuit.
1209 4695 1242 4705 -
1254 4666 1285 4720 Β.
