<?xml version="1.0" encoding="UTF-8"?>
<!DOCTYPE html PUBLIC "-//W3C//DTD XHTML 1.0 Transitional//EN"
    "http://www.w3.org/TR/xhtml1/DTD/xhtml1-transitional.dtd">
<html xmlns="http://www.w3.org/1999/xhtml" xml:lang="en" lang="en">
 <head>
  <title>
</title>
<meta http-equiv="Content-Type" content="text/html;charset=utf-8" />
  <meta name='ocr-system' content='tesseract 3.04.00' />
  <meta name='ocr-capabilities' content='ocr_page ocr_carea ocr_par ocr_line ocrx_word'/>
</head>
<body>
  <div class='ocr_page' id='page_1' title='image "./diegriechischen03religoog_0333.png"; bbox 0 0 3744 5528; ppageno 0'>
   <div class='ocr_carea' id='block_1_1' title="bbox 238 439 1543 516">
    <p class='ocr_par' dir='ltr' id='par_1_1' title="bbox 238 439 1543 516">
     <span class='ocr_line' id='line_1_1' title="bbox 238 439 1543 516; baseline 0.015 -23"><span class='ocrx_word' id='word_1_1' title='bbox 238 439 349 510; x_wconf 81' lang='lat' dir='ltr'><strong>Gaspari</strong></span> <span class='ocrx_word' id='word_1_2' title='bbox 367 439 392 495; x_wconf 90' lang='lat' dir='ltr'>V</span> <span class='ocrx_word' id='word_1_3' title='bbox 412 457 435 496; x_wconf 87' lang='lat' dir='ltr'><strong>o.</strong></span> <span class='ocrx_word' id='word_1_4' title='bbox 453 443 562 498; x_wconf 83' lang='lat'>19-21.</span> <span class='ocrx_word' id='word_1_5' title='bbox 834 445 943 516; x_wconf 81' lang='lat' dir='ltr'><strong>Dialog.</strong></span> <span class='ocrx_word' id='word_1_6' title='bbox 1482 451 1543 512; x_wconf 83' lang='lat'><strong>215</strong></span> 
     </span>
    </p>
   </div>
   <div class='ocr_carea' id='block_1_2' title="bbox 185 609 1546 2785">
    <p class='ocr_par' dir='ltr' id='par_1_2' title="bbox 203 609 1545 1494">
     <span class='ocr_line' id='line_1_2' title="bbox 237 609 1544 696; baseline 0.003 -24"><span class='ocrx_word' id='word_1_7' title='bbox 237 609 304 673; x_wconf 86' lang='lat' dir='ltr'><strong>sins</strong></span> <span class='ocrx_word' id='word_1_8' title='bbox 334 610 430 676; x_wconf 88' lang='lat' dir='ltr'><strong>dubio</strong></span> <span class='ocrx_word' id='word_1_9' title='bbox 460 611 494 676; x_wconf 91' lang='lat' dir='ltr'><strong>in</strong></span> <span class='ocrx_word' id='word_1_10' title='bbox 524 611 595 678; x_wconf 89' lang='lat' dir='ltr'><strong>aliis</strong></span> <span class='ocrx_word' id='word_1_11' title='bbox 624 613 828 696; x_wconf 80' lang='lat' dir='ltr'><strong>permanebit.</strong></span> <span class='ocrx_word' id='word_1_12' title='bbox 863 618 902 678; x_wconf 78' lang='lat' dir='ltr'><strong>Iu</strong></span> <span class='ocrx_word' id='word_1_13' title='bbox 930 619 999 678; x_wconf 76' lang='lat' dir='ltr'><strong>istis</strong></span> <span class='ocrx_word' id='word_1_14' title='bbox 1029 615 1121 692; x_wconf 86' lang='lat' dir='ltr'><strong>enirn,</strong></span> <span class='ocrx_word' id='word_1_15' title='bbox 1158 614 1242 696; x_wconf 89' lang='lat' dir='ltr'><strong>quod</strong></span> <span class='ocrx_word' id='word_1_16' title='bbox 1272 612 1356 690; x_wconf 76' lang='lat' dir='ltr'><strong>dieis,</strong></span> <span class='ocrx_word' id='word_1_17' title='bbox 1387 615 1425 676; x_wconf 85' lang='lat' dir='ltr'><strong>da</strong></span> <span class='ocrx_word' id='word_1_18' title='bbox 1455 615 1544 696; x_wconf 75' lang='lat' dir='ltr'><strong>paria</strong></span> 
     </span>
     <span class='ocr_line' id='line_1_3' title="bbox 236 707 958 798; baseline 0.008 -27"><span class='ocrx_word' id='word_1_19' title='bbox 236 707 378 792; x_wconf 72' lang='lat' dir='ltr'><strong>loquitur</strong></span> <span class='ocrx_word' id='word_1_20' title='bbox 400 715 431 775; x_wconf 79' lang='lat' dir='ltr'><strong>ot</strong></span> <span class='ocrx_word' id='word_1_21' title='bbox 451 734 516 776; x_wconf 92' lang='lat' dir='ltr'><strong>non</strong></span> <span class='ocrx_word' id='word_1_22' title='bbox 538 715 576 778; x_wconf 89' lang='lat' dir='ltr'><strong>de</strong></span> <span class='ocrx_word' id='word_1_23' title='bbox 598 713 743 778; x_wconf 89' lang='lat' dir='ltr'><strong>omnibus</strong></span> <span class='ocrx_word' id='word_1_24' title='bbox 764 714 958 798; x_wconf 79' lang='lat' dir='ltr'><strong>pronuntiat.-</strong></span> 
     </span>
     <span class='ocr_line' id='line_1_4' title="bbox 321 811 1544 896; baseline 0.002 -22"><span class='ocrx_word' id='word_1_25' title='bbox 321 831 346 874; x_wconf 75' lang='grc' dir='ltr'><strong>ο.</strong></span> <span class='ocrx_word' id='word_1_26' title='bbox 367 811 451 878; x_wconf 86' lang='lat' dir='ltr'><strong>XX.</strong></span> <span class='ocrx_word' id='word_1_27' title='bbox 477 818 553 877; x_wconf 84' lang='lat' dir='ltr'><strong>Mor.</strong></span> <span class='ocrx_word' id='word_1_28' title='bbox 573 819 608 878; x_wconf 78' lang='lat' dir='ltr'><strong>d:</strong></span> <span class='ocrx_word' id='word_1_29' title='bbox 632 812 805 878; x_wconf 75' lang='lat' dir='ltr'><strong>Ostendam</strong></span> <span class='ocrx_word' id='word_1_30' title='bbox 825 813 885 877; x_wconf 76' lang='lat' dir='ltr'><strong>tibi</strong></span> <span class='ocrx_word' id='word_1_31' title='bbox 906 816 945 877; x_wconf 84' lang='lat' dir='ltr'><strong>de</strong></span> <span class='ocrx_word' id='word_1_32' title='bbox 964 812 1127 895; x_wconf 79' lang='lat' dir='ltr'><strong>seripturis</strong></span> <span class='ocrx_word' id='word_1_33' title='bbox 1149 812 1223 895; x_wconf 88' lang='lat' dir='ltr'><strong>quia</strong></span> <span class='ocrx_word' id='word_1_34' title='bbox 1243 833 1345 896; x_wconf 85' lang='lat' dir='ltr'><strong>nequa</strong></span> <span class='ocrx_word' id='word_1_35' title='bbox 1364 812 1544 895; x_wconf 80' lang='lat' dir='ltr'><strong>prophetae,</strong></span> 
     </span>
     <span class='ocr_line' id='line_1_5' title="bbox 237 909 1544 996; baseline 0.003 -24"><span class='ocrx_word' id='word_1_36' title='bbox 237 929 339 992; x_wconf 84' lang='lat' dir='ltr'><strong>neque</strong></span> <span class='ocrx_word' id='word_1_37' title='bbox 354 909 490 992; x_wconf 76' lang='lat' dir='ltr'><strong>apostoli</strong></span> <span class='ocrx_word' id='word_1_38' title='bbox 503 933 661 994; x_wconf 82' lang='lat' dir='ltr'><strong>nusquam</strong></span> <span class='ocrx_word' id='word_1_39' title='bbox 675 912 833 996; x_wconf 80' lang='lat' dir='ltr'><strong>(earnem)</strong></span> <span class='ocrx_word' id='word_1_40' title='bbox 851 912 904 976; x_wconf 84' lang='lat' dir='ltr'><strong>uel</strong></span> <span class='ocrx_word' id='word_1_41' title='bbox 918 912 1103 995; x_wconf 83' lang='lat' dir='ltr'><strong>sanguinem</strong></span> <span class='ocrx_word' id='word_1_42' title='bbox 1117 912 1152 976; x_wconf 88' lang='lat' dir='ltr'><strong>in</strong></span> <span class='ocrx_word' id='word_1_43' title='bbox 1165 911 1393 977; x_wconf 79' lang='lat' dir='ltr'><strong>resurrectione</strong></span> <span class='ocrx_word' id='word_1_44' title='bbox 1409 933 1544 976; x_wconf 79' lang='lat' dir='ltr'><strong>comme·</strong></span> 
     </span>
     <span class='ocr_line' id='line_1_6' title="bbox 203 1009 1545 1095; baseline 0.003 -25"><span class='ocrx_word' id='word_1_45' title='bbox 203 1012 369 1088; x_wconf 69' lang='lat' dir='ltr'><strong>amoram,</strong></span> <span class='ocrx_word' id='word_1_46' title='bbox 405 1012 460 1073; x_wconf 85' lang='lat' dir='ltr'><strong>ssd</strong></span> <span class='ocrx_word' id='word_1_47' title='bbox 496 1010 597 1076; x_wconf 91' lang='lat' dir='ltr'><strong>solam</strong></span> <span class='ocrx_word' id='word_1_48' title='bbox 633 1013 777 1078; x_wconf 87' lang='lat' dir='ltr'><strong>animam.</strong></span> <span class='ocrx_word' id='word_1_49' title='bbox 812 1011 856 1078; x_wconf 76' lang='lat' dir='ltr'><strong>Et</strong></span> <span class='ocrx_word' id='word_1_50' title='bbox 884 1012 1022 1095; x_wconf 89' lang='lat' dir='ltr'><strong>primum</strong></span> <span class='ocrx_word' id='word_1_51' title='bbox 1043 1009 1149 1075; x_wconf 91' lang='lat' dir='ltr'><strong>Dauid</strong></span> <span class='ocrx_word' id='word_1_52' title='bbox 1179 1011 1268 1076; x_wconf 76' lang='lat' dir='ltr'><strong>dicit:</strong></span> <span class='ocrx_word' id='word_1_53' title='bbox 1307 1015 1386 1086; x_wconf 74' lang='lat' dir='ltr'><strong>Qarb</strong></span> <span class='ocrx_word' id='word_1_54' title='bbox 1415 1015 1545 1074; x_wconf 77' lang='lat' dir='ltr'><strong><em>liberasti</em></strong></span> 
     </span>
     <span class='ocr_line' id='line_1_7' title="bbox 236 1110 1545 1194; baseline 0.003 -24"><span class='ocrx_word' id='word_1_55' title='bbox 236 1112 373 1172; x_wconf 76' lang='lat' dir='ltr'><strong>animam</strong></span> <span class='ocrx_word' id='word_1_56' title='bbox 401 1132 499 1174; x_wconf 75' lang='lat' dir='ltr'><strong>meum</strong></span> <span class='ocrx_word' id='word_1_57' title='bbox 529 1116 563 1180; x_wconf 72' lang='lat' dir='ltr'><strong>do</strong></span> <span class='ocrx_word' id='word_1_58' title='bbox 591 1121 691 1176; x_wconf 80' lang='lat' dir='ltr'><strong>morta.</strong></span> <span class='ocrx_word' id='word_1_59' title='bbox 726 1110 908 1176; x_wconf 76' lang='lat' dir='ltr'><strong>utiterum</strong></span> <span class='ocrx_word' id='word_1_60' title='bbox 934 1111 1014 1194; x_wconf 87' lang='lat' dir='ltr'><strong>ipse:</strong></span> <span class='ocrx_word' id='word_1_61' title='bbox 1046 1115 1152 1176; x_wconf 65' lang='lat' dir='ltr'><strong>&amp;riou</strong></span> <span class='ocrx_word' id='word_1_62' title='bbox 1176 1115 1281 1174; x_wconf 80' lang='lat' dir='ltr'><strong>auimo</strong></span> <span class='ocrx_word' id='word_1_63' title='bbox 1304 1133 1371 1175; x_wconf 81' lang='lat' dir='ltr'><strong>mou</strong></span> <span class='ocrx_word' id='word_1_64' title='bbox 1396 1115 1435 1174; x_wconf 84' lang='lat' dir='ltr'><strong>od</strong></span> <span class='ocrx_word' id='word_1_65' title='bbox 1457 1115 1545 1174; x_wconf 60' lang='lat' dir='ltr'><strong>mum</strong></span> 
     </span>
     <span class='ocr_line' id='line_1_8' title="bbox 236 1206 1545 1292; baseline 0.001 -20"><span class='ocrx_word' id='word_1_66' title='bbox 236 1211 354 1273; x_wconf 80' lang='lat' dir='ltr'><strong>uiuum.</strong></span> <span class='ocrx_word' id='word_1_67' title='bbox 389 1206 583 1274; x_wconf 73' lang='lat' dir='ltr'><strong>utiterum:</strong></span> <span class='ocrx_word' id='word_1_68' title='bbox 612 1214 652 1274; x_wconf 80' lang='lat' dir='ltr'><strong>Io</strong></span> <span class='ocrx_word' id='word_1_69' title='bbox 678 1221 703 1275; x_wconf 75' lang='lat' dir='ltr'><strong>to</strong></span> <span class='ocrx_word' id='word_1_70' title='bbox 731 1215 855 1292; x_wconf 75' lang='lat' dir='ltr'><strong>confidit</strong></span> <span class='ocrx_word' id='word_1_71' title='bbox 882 1216 987 1275; x_wconf 79' lang='lat' dir='ltr'><strong>anima</strong></span> <span class='ocrx_word' id='word_1_72' title='bbox 1020 1234 1094 1276; x_wconf 80' lang='lat' dir='ltr'><strong>meo.</strong></span> <span class='ocrx_word' id='word_1_73' title='bbox 1129 1209 1184 1292; x_wconf 76' lang='lat' dir='ltr'><strong>(Es</strong></span> <span class='ocrx_word' id='word_1_74' title='bbox 1212 1211 1339 1274; x_wconf 79' lang='lat' dir='ltr'><strong>iberum:</strong></span> <span class='ocrx_word' id='word_1_75' title='bbox 1372 1216 1545 1276; x_wconf 78' lang='lat' dir='ltr'><strong>Conuortaro</strong></span> 
     </span>
     <span class='ocr_line' id='line_1_9' title="bbox 237 1309 1545 1392; baseline 0.002 -22"><span class='ocrx_word' id='word_1_76' title='bbox 237 1313 341 1371; x_wconf 77' lang='lat' dir='ltr'><strong>auimo</strong></span> <span class='ocrx_word' id='word_1_77' title='bbox 362 1331 428 1372; x_wconf 81' lang='lat' dir='ltr'><strong>meu</strong></span> <span class='ocrx_word' id='word_1_78' title='bbox 448 1313 483 1373; x_wconf 78' lang='lat' dir='ltr'><strong>in</strong></span> <span class='ocrx_word' id='word_1_79' title='bbox 503 1314 634 1391; x_wconf 76' lang='lat' dir='ltr'><strong>requiam</strong></span> <span class='ocrx_word' id='word_1_80' title='bbox 656 1310 776 1392; x_wconf 74' lang='lat' dir='ltr'><strong>tuam.*)</strong></span> <span class='ocrx_word' id='word_1_81' title='bbox 804 1309 847 1374; x_wconf 77' lang='lat' dir='ltr'><strong>Et</strong></span> <span class='ocrx_word' id='word_1_82' title='bbox 860 1331 996 1375; x_wconf 91' lang='lat' dir='ltr'><strong>rursum:</strong></span> <span class='ocrx_word' id='word_1_83' title='bbox 1017 1315 1089 1374; x_wconf 76' lang='lat' dir='ltr'><strong>Nou</strong></span> <span class='ocrx_word' id='word_1_84' title='bbox 1102 1314 1284 1392; x_wconf 75' lang='lat' dir='ltr'><em>derelinques</em></span> <span class='ocrx_word' id='word_1_85' title='bbox 1297 1313 1434 1374; x_wconf 75' lang='lat' dir='ltr'><strong>abinaam</strong></span> <span class='ocrx_word' id='word_1_86' title='bbox 1447 1331 1545 1373; x_wconf 83' lang='lat' dir='ltr'><strong>meum</strong></span> 
     </span>
     <span class='ocr_line' id='line_1_10' title="bbox 237 1406 1544 1494; baseline 0.001 -25"><span class='ocrx_word' id='word_1_87' title='bbox 237 1411 271 1470; x_wconf 82' lang='lat' dir='ltr'><strong>in</strong></span> <span class='ocrx_word' id='word_1_88' title='bbox 301 1411 429 1488; x_wconf 77' lang='lat' dir='ltr'><strong>inferno.</strong></span> <span class='ocrx_word' id='word_1_89' title='bbox 468 1406 563 1473; x_wconf 85' lang='lat' dir='ltr'><strong>Uidas</strong></span> <span class='ocrx_word' id='word_1_90' title='bbox 595 1429 669 1494; x_wconf 83' lang='lat' dir='ltr'><strong>ergo</strong></span> <span class='ocrx_word' id='word_1_91' title='bbox 705 1409 780 1492; x_wconf 87' lang='lat' dir='ltr'><strong>quia</strong></span> <span class='ocrx_word' id='word_1_92' title='bbox 810 1409 947 1474; x_wconf 88' lang='lat' dir='ltr'><strong>animam</strong></span> <span class='ocrx_word' id='word_1_93' title='bbox 976 1410 1076 1474; x_wconf 88' lang='lat' dir='ltr'><strong>solam</strong></span> <span class='ocrx_word' id='word_1_94' title='bbox 1107 1408 1229 1474; x_wconf 88' lang='lat' dir='ltr'><strong>saluars</strong></span> <span class='ocrx_word' id='word_1_95' title='bbox 1260 1409 1391 1492; x_wconf 76' lang='lat' dir='ltr'><strong>cupiunt</strong></span> <span class='ocrx_word' id='word_1_96' title='bbox 1420 1411 1452 1472; x_wconf 80' lang='lat' dir='ltr'><strong>et</strong></span> <span class='ocrx_word' id='word_1_97' title='bbox 1481 1429 1544 1471; x_wconf 92' lang='lat' dir='ltr'><strong>non</strong></span> 
     </span>
    </p>

    <p class='ocr_par' dir='ltr' id='par_1_3' title="bbox 187 1509 632 1592">
     <span class='ocr_line' id='line_1_11' title="bbox 187 1509 632 1592; baseline 0.02 -28"><span class='ocrx_word' id='word_1_98' title='bbox 187 1511 221 1566; x_wconf 91' lang='grc'><strong>10</strong></span> <span class='ocrx_word' id='word_1_99' title='bbox 238 1527 363 1571; x_wconf 81' lang='lat' dir='ltr'><strong>carnem</strong></span> <span class='ocrx_word' id='word_1_100' title='bbox 386 1510 417 1572; x_wconf 79' lang='lat' dir='ltr'><strong>st</strong></span> <span class='ocrx_word' id='word_1_101' title='bbox 438 1509 632 1592; x_wconf 83' lang='lat' dir='ltr'><strong>sanguinem.</strong></span> 
     </span>
    </p>

    <p class='ocr_par' dir='ltr' id='par_1_4' title="bbox 321 1606 1341 1674">
     <span class='ocr_line' id='line_1_12' title="bbox 321 1606 1341 1674; baseline 0.002 -4"><span class='ocrx_word' id='word_1_102' title='bbox 321 1611 376 1670; x_wconf 78' lang='lat' dir='ltr'><strong>Ad.</strong></span> <span class='ocrx_word' id='word_1_103' title='bbox 397 1611 437 1672; x_wconf 77' lang='lat' dir='ltr'><strong>d:</strong></span> <span class='ocrx_word' id='word_1_104' title='bbox 460 1607 597 1672; x_wconf 77' lang='lat' dir='ltr'><strong>Definiat</strong></span> <span class='ocrx_word' id='word_1_105' title='bbox 617 1611 656 1674; x_wconf 90' lang='lat' dir='ltr'><strong>ds</strong></span> <span class='ocrx_word' id='word_1_106' title='bbox 678 1609 783 1673; x_wconf 90' lang='lat' dir='ltr'><strong>anima</strong></span> <span class='ocrx_word' id='word_1_107' title='bbox 803 1609 831 1673; x_wconf 90' lang='lat' dir='ltr'><strong>si</strong></span> <span class='ocrx_word' id='word_1_108' title='bbox 851 1608 994 1674; x_wconf 71' lang='lat' dir='ltr'><strong>mortalis</strong></span> <span class='ocrx_word' id='word_1_109' title='bbox 1016 1614 1063 1674; x_wconf 79' lang='lat' dir='ltr'><strong>osb</strong></span> <span class='ocrx_word' id='word_1_110' title='bbox 1085 1631 1125 1672; x_wconf 89' lang='lat' dir='ltr'><strong>an</strong></span> <span class='ocrx_word' id='word_1_111' title='bbox 1146 1606 1341 1674; x_wconf 79' lang='lat' dir='ltr'><strong>immortalis.</strong></span> 
     </span>
    </p>

    <p class='ocr_par' dir='ltr' id='par_1_5' title="bbox 320 1705 755 1774">
     <span class='ocr_line' id='line_1_13' title="bbox 320 1705 755 1774; baseline 0.009 -4"><span class='ocrx_word' id='word_1_112' title='bbox 320 1712 396 1770; x_wconf 80' lang='lat' dir='ltr'><strong>Mor.</strong></span> <span class='ocrx_word' id='word_1_113' title='bbox 418 1711 457 1771; x_wconf 78' lang='lat' dir='ltr'><strong>d:</strong></span> <span class='ocrx_word' id='word_1_114' title='bbox 485 1705 677 1773; x_wconf 76' lang='lat' dir='ltr'><strong>Immortalis</strong></span> <span class='ocrx_word' id='word_1_115' title='bbox 700 1713 755 1774; x_wconf 76' lang='lat' dir='ltr'><strong>esi.</strong></span> 
     </span>
    </p>

    <p class='ocr_par' dir='ltr' id='par_1_6' title="bbox 238 1805 1544 1991">
     <span class='ocr_line' id='line_1_14' title="bbox 320 1805 1544 1892; baseline -0.002 -23"><span class='ocrx_word' id='word_1_116' title='bbox 320 1810 375 1869; x_wconf 79' lang='lat' dir='ltr'><strong>Ad.</strong></span> <span class='ocrx_word' id='word_1_117' title='bbox 396 1811 436 1872; x_wconf 77' lang='lat' dir='ltr'><strong>d:</strong></span> <span class='ocrx_word' id='word_1_118' title='bbox 465 1805 631 1882; x_wconf 79' lang='lat' dir='ltr'><strong>Quomodo</strong></span> <span class='ocrx_word' id='word_1_119' title='bbox 658 1827 732 1892; x_wconf 84' lang='lat' dir='ltr'><strong>ergo</strong></span> <span class='ocrx_word' id='word_1_120' title='bbox 755 1807 861 1872; x_wconf 90' lang='lat' dir='ltr'><strong>Dauid</strong></span> <span class='ocrx_word' id='word_1_121' title='bbox 888 1807 976 1872; x_wconf 77' lang='lat' dir='ltr'><strong>dioib:</strong></span> <span class='ocrx_word' id='word_1_122' title='bbox 1006 1811 1051 1872; x_wconf 83' lang='lat' dir='ltr'><strong>No</strong></span> <span class='ocrx_word' id='word_1_123' title='bbox 1073 1812 1174 1872; x_wconf 79' lang='lat' dir='ltr'><strong>tradas</strong></span> <span class='ocrx_word' id='word_1_124' title='bbox 1199 1812 1336 1872; x_wconf 71' lang='lat' dir='ltr'><strong>animaru</strong></span> <span class='ocrx_word' id='word_1_125' title='bbox 1360 1809 1544 1886; x_wconf 66' lang='lat' dir='ltr'><strong>confitentem</strong></span> 
     </span>
     <span class='ocr_line' id='line_1_15' title="bbox 238 1904 1431 1991; baseline 0.003 -25"><span class='ocrx_word' id='word_1_126' title='bbox 238 1907 292 1967; x_wconf 75' lang='lat' dir='ltr'><strong>tibi</strong></span> <span class='ocrx_word' id='word_1_127' title='bbox 312 1907 434 1968; x_wconf 77' lang='lat' dir='ltr'><strong>bestiis?</strong></span> <span class='ocrx_word' id='word_1_128' title='bbox 455 1905 593 1970; x_wconf 75' lang='lat' dir='ltr'><strong>Possunt</strong></span> <span class='ocrx_word' id='word_1_129' title='bbox 614 1907 732 1972; x_wconf 73' lang='lat' dir='ltr'><strong>bestiae</strong></span> <span class='ocrx_word' id='word_1_130' title='bbox 754 1907 891 1971; x_wconf 88' lang='lat' dir='ltr'><strong>animam</strong></span> <span class='ocrx_word' id='word_1_131' title='bbox 912 1906 1030 1971; x_wconf 83' lang='lat' dir='ltr'><strong>laniare</strong></span> <span class='ocrx_word' id='word_1_132' title='bbox 1053 1928 1133 1991; x_wconf 86' lang='lat' dir='ltr'><strong>quae</strong></span> <span class='ocrx_word' id='word_1_133' title='bbox 1154 1904 1341 1971; x_wconf 78' lang='lat' dir='ltr'><strong>immortalis</strong></span> <span class='ocrx_word' id='word_1_134' title='bbox 1364 1908 1431 1970; x_wconf 77' lang='lat' dir='ltr'><strong>osb?</strong></span> 
     </span>
    </p>

    <p class='ocr_par' dir='ltr' id='par_1_7' title="bbox 188 2003 1544 2266">
     <span class='ocr_line' id='line_1_16' title="bbox 188 2003 1544 2090; baseline 0 -22"><span class='ocrx_word' id='word_1_135' title='bbox 188 2004 220 2059; x_wconf 85' lang='lat'><strong>15</strong></span> <span class='ocrx_word' id='word_1_136' title='bbox 320 2008 395 2069; x_wconf 86' lang='lat' dir='ltr'><strong>Mor.</strong></span> <span class='ocrx_word' id='word_1_137' title='bbox 410 2009 449 2068; x_wconf 76' lang='lat' dir='ltr'><strong>d:</strong></span> <span class='ocrx_word' id='word_1_138' title='bbox 471 2003 598 2070; x_wconf 79' lang='lat' dir='ltr'><strong>Bestiae</strong></span> <span class='ocrx_word' id='word_1_139' title='bbox 621 2009 757 2071; x_wconf 89' lang='lat' dir='ltr'><strong>animam</strong></span> <span class='ocrx_word' id='word_1_140' title='bbox 779 2029 844 2070; x_wconf 90' lang='lat' dir='ltr'><strong>non</strong></span> <span class='ocrx_word' id='word_1_141' title='bbox 862 2005 983 2070; x_wconf 77' lang='lat' dir='ltr'><strong>laniant</strong></span> <span class='ocrx_word' id='word_1_142' title='bbox 1004 2009 1060 2070; x_wconf 82' lang='lat' dir='ltr'><strong>sad</strong></span> <span class='ocrx_word' id='word_1_143' title='bbox 1079 2027 1200 2090; x_wconf 76' lang='lat' dir='ltr'><strong>eorpus·</strong></span> <span class='ocrx_word' id='word_1_144' title='bbox 1227 2005 1318 2082; x_wconf 83' lang='lat' dir='ltr'><strong>Quod</strong></span> <span class='ocrx_word' id='word_1_145' title='bbox 1333 2008 1437 2069; x_wconf 70' lang='lat' dir='ltr'><strong>autam</strong></span> <span class='ocrx_word' id='word_1_146' title='bbox 1453 2003 1544 2068; x_wconf 80' lang='lat' dir='ltr'><strong>dixit:</strong></span> 
     </span>
     <span class='ocr_line' id='line_1_17' title="bbox 237 2103 1544 2187; baseline 0 -22"><span class='ocrx_word' id='word_1_147' title='bbox 237 2107 282 2166; x_wconf 81' lang='lat' dir='ltr'><strong>No</strong></span> <span class='ocrx_word' id='word_1_148' title='bbox 305 2107 404 2166; x_wconf 82' lang='lat' dir='ltr'><strong>tradas</strong></span> <span class='ocrx_word' id='word_1_149' title='bbox 431 2107 530 2169; x_wconf 80' lang='lat' dir='ltr'><strong>bestiis</strong></span> <span class='ocrx_word' id='word_1_150' title='bbox 550 2111 687 2170; x_wconf 80' lang='lat' dir='ltr'><strong>unimam</strong></span> <span class='ocrx_word' id='word_1_151' title='bbox 714 2111 900 2187; x_wconf 73' lang='lat' dir='ltr'><strong>confitentem</strong></span> <span class='ocrx_word' id='word_1_152' title='bbox 926 2110 987 2184; x_wconf 83' lang='lat' dir='ltr'><strong>tibi,</strong></span> <span class='ocrx_word' id='word_1_153' title='bbox 1013 2105 1066 2170; x_wconf 89' lang='lat' dir='ltr'><strong>hio</strong></span> <span class='ocrx_word' id='word_1_154' title='bbox 1090 2109 1193 2172; x_wconf 74' lang='lat' dir='ltr'><strong>bobum</strong></span> <span class='ocrx_word' id='word_1_155' title='bbox 1222 2103 1382 2170; x_wconf 84' lang='lat' dir='ltr'><strong>hominem</strong></span> <span class='ocrx_word' id='word_1_156' title='bbox 1408 2103 1544 2166; x_wconf 87' lang='lat' dir='ltr'><strong>animam</strong></span> 
     </span>
     <span class='ocr_line' id='line_1_18' title="bbox 238 2201 389 2266; baseline 0.02 -3"><span class='ocrx_word' id='word_1_157' title='bbox 238 2201 389 2266; x_wconf 78' lang='lat' dir='ltr'><strong>nominat.</strong></span> 
     </span>
    </p>

    <p class='ocr_par' dir='ltr' id='par_1_8' title="bbox 238 2299 1546 2485">
     <span class='ocr_line' id='line_1_19' title="bbox 319 2299 1546 2386; baseline 0 -22"><span class='ocrx_word' id='word_1_158' title='bbox 319 2306 375 2365; x_wconf 81' lang='lat' dir='ltr'><strong>Ad.</strong></span> <span class='ocrx_word' id='word_1_159' title='bbox 397 2305 437 2368; x_wconf 75' lang='lat' dir='ltr'><strong>d:</strong></span> <span class='ocrx_word' id='word_1_160' title='bbox 468 2299 530 2366; x_wconf 86' lang='lat' dir='ltr'><strong>Sed</strong></span> <span class='ocrx_word' id='word_1_161' title='bbox 559 2303 756 2368; x_wconf 81' lang='lat' dir='ltr'><strong>manifestius</strong></span> <span class='ocrx_word' id='word_1_162' title='bbox 784 2305 887 2368; x_wconf 89' lang='lat' dir='ltr'><strong>adhuo</strong></span> <span class='ocrx_word' id='word_1_163' title='bbox 917 2307 1137 2370; x_wconf 76' lang='lat' dir='ltr'><strong>demonstrabo</strong></span> <span class='ocrx_word' id='word_1_164' title='bbox 1165 2305 1352 2386; x_wconf 77' lang='lat' dir='ltr'><strong>scripturam</strong></span> <span class='ocrx_word' id='word_1_165' title='bbox 1377 2301 1546 2380; x_wconf 85' lang='lat' dir='ltr'><strong>hominem,</strong></span> 
     </span>
     <span class='ocr_line' id='line_1_20' title="bbox 238 2396 1545 2485; baseline 0.002 -23"><span class='ocrx_word' id='word_1_166' title='bbox 238 2396 356 2482; x_wconf 80' lang='lat' dir='ltr'><strong>quior</strong></span> <span class='ocrx_word' id='word_1_167' title='bbox 383 2422 513 2485; x_wconf 82' lang='lat' dir='ltr'><strong>corporo</strong></span> <span class='ocrx_word' id='word_1_168' title='bbox 540 2406 664 2466; x_wconf 77' lang='lat' dir='ltr'><strong>constat</strong></span> <span class='ocrx_word' id='word_1_169' title='bbox 692 2406 724 2468; x_wconf 71' lang='lat' dir='ltr'><strong>ab</strong></span> <span class='ocrx_word' id='word_1_170' title='bbox 751 2403 863 2481; x_wconf 85' lang='lat' dir='ltr'><strong>anima,</strong></span> <span class='ocrx_word' id='word_1_171' title='bbox 893 2403 1152 2468; x_wconf 88' lang='lat' dir='ltr'><strong>animam&#39;solam</strong></span> <span class='ocrx_word' id='word_1_172' title='bbox 1173 2402 1344 2467; x_wconf 85' lang='lat' dir='ltr'><strong>nominare.</strong></span> <span class='ocrx_word' id='word_1_173' title='bbox 1379 2401 1545 2484; x_wconf 78' lang='lat' dir='ltr'><strong>nitergo:</strong></span> 
     </span>
    </p>

    <p class='ocr_par' dir='ltr' id='par_1_9' title="bbox 185 2499 1545 2683">
     <span class='ocr_line' id='line_1_21' title="bbox 185 2499 1545 2584; baseline 0.001 -22"><span class='ocrx_word' id='word_1_174' title='bbox 185 2507 220 2562; x_wconf 85' lang='lat'><strong>20</strong></span> <span class='ocrx_word' id='word_1_175' title='bbox 237 2505 278 2562; x_wconf 76' lang='lat' dir='ltr'><strong>,ut</strong></span> <span class='ocrx_word' id='word_1_176' title='bbox 297 2504 371 2579; x_wconf 74' lang='lat' dir='ltr'><strong>facti</strong></span> <span class='ocrx_word' id='word_1_177' title='bbox 391 2511 465 2565; x_wconf 79' lang='lat' dir='ltr'><strong>suat</strong></span> <span class='ocrx_word' id='word_1_178' title='bbox 493 2505 554 2582; x_wconf 70' lang='lat' dir='ltr'><strong>filii</strong></span> <span class='ocrx_word' id='word_1_179' title='bbox 574 2511 600 2564; x_wconf 83' lang='lat' dir='ltr'><strong>at</strong></span> <span class='ocrx_word' id='word_1_180' title='bbox 623 2506 707 2582; x_wconf 71' lang='lat' dir='ltr'><strong>filiae</strong></span> <span class='ocrx_word' id='word_1_181' title='bbox 734 2506 819 2566; x_wconf 85' lang='lat' dir='ltr'><strong>Iaoob</strong></span> <span class='ocrx_word' id='word_1_182' title='bbox 847 2507 966 2566; x_wconf 77' lang='lat' dir='ltr'><strong>animoa</strong></span> <span class='ocrx_word' id='word_1_183' title='bbox 996 2507 1120 2584; x_wconf 63' lang='lat' dir='ltr'><strong>triginta</strong></span> <span class='ocrx_word' id='word_1_184' title='bbox 1146 2513 1210 2566; x_wconf 82' lang='lat' dir='ltr'><strong>tros.</strong></span> <span class='ocrx_word' id='word_1_185' title='bbox 1245 2499 1274 2565; x_wconf 80' lang='grc' dir='ltr'>Ε</span> <span class='ocrx_word' id='word_1_186' title='bbox 1315 2499 1429 2564; x_wconf 76' lang='lat' dir='ltr'><strong>iberum</strong></span> <span class='ocrx_word' id='word_1_187' title='bbox 1456 2499 1545 2564; x_wconf 81' lang='lat' dir='ltr'><strong>dicit:</strong></span> 
     </span>
     <span class='ocr_line' id='line_1_22' title="bbox 236 2603 1276 2683; baseline 0 -20"><span class='ocrx_word' id='word_1_188' title='bbox 236 2603 276 2662; x_wconf 78' lang='lat' dir='ltr'><strong>Et</strong></span> <span class='ocrx_word' id='word_1_189' title='bbox 297 2603 443 2664; x_wconf 70' lang='lat' dir='ltr'><strong>dasoundit</strong></span> <span class='ocrx_word' id='word_1_190' title='bbox 461 2604 546 2664; x_wconf 83' lang='lat' dir='ltr'><strong>Iooob</strong></span> <span class='ocrx_word' id='word_1_191' title='bbox 567 2605 602 2663; x_wconf 81' lang='lat' dir='ltr'><strong>iu</strong></span> <span class='ocrx_word' id='word_1_192' title='bbox 624 2607 790 2683; x_wconf 73' lang='lat' dir='ltr'><strong>Aeyypuun</strong></span> <span class='ocrx_word' id='word_1_193' title='bbox 811 2623 879 2666; x_wconf 83' lang='lat' dir='ltr'><strong>oum</strong></span> <span class='ocrx_word' id='word_1_194' title='bbox 900 2607 1088 2683; x_wconf 71' lang='lat' dir='ltr'><strong>septoaqiaa</strong></span> <span class='ocrx_word' id='word_1_195' title='bbox 1108 2605 1276 2666; x_wconf 81' lang='lat' dir='ltr'><strong>animabus.</strong></span> 
     </span>
    </p>

    <p class='ocr_par' dir='ltr' id='par_1_10' title="bbox 320 2697 1546 2785">
     <span class='ocr_line' id='line_1_23' title="bbox 320 2697 1546 2785; baseline -0.002 -23"><span class='ocrx_word' id='word_1_196' title='bbox 320 2704 408 2765; x_wconf 82' lang='lat' dir='ltr'><strong>Eutr.</strong></span> <span class='ocrx_word' id='word_1_197' title='bbox 429 2703 468 2766; x_wconf 74' lang='lat' dir='ltr'><strong>d:</strong></span> <span class='ocrx_word' id='word_1_198' title='bbox 495 2697 670 2782; x_wconf 90' lang='lat' dir='ltr'><strong>Numquid,</strong></span> <span class='ocrx_word' id='word_1_199' title='bbox 698 2701 827 2779; x_wconf 81' lang='lat' dir='ltr'><strong>Marino,</strong></span> <span class='ocrx_word' id='word_1_200' title='bbox 849 2702 916 2766; x_wconf 87' lang='lat' dir='ltr'><strong>sins</strong></span> <span class='ocrx_word' id='word_1_201' title='bbox 938 2701 1122 2785; x_wconf 75' lang='lat' dir='ltr'><strong>corporibus</strong></span> <span class='ocrx_word' id='word_1_202' title='bbox 1143 2699 1198 2764; x_wconf 79' lang='lat' dir='ltr'><strong>isti</strong></span> <span class='ocrx_word' id='word_1_203' title='bbox 1217 2700 1251 2763; x_wconf 92' lang='lat' dir='ltr'><strong>in</strong></span> <span class='ocrx_word' id='word_1_204' title='bbox 1272 2698 1456 2782; x_wconf 74' lang='lat' dir='ltr'><strong>Aegyptum</strong></span> <span class='ocrx_word' id='word_1_205' title='bbox 1477 2700 1546 2761; x_wconf 85' lang='lat' dir='ltr'><strong>das-</strong></span> 
     </span>
    </p>
   </div>
   <div class='ocr_carea' id='block_1_3' title="bbox 185 2797 1547 3282">
    <p class='ocr_par' dir='ltr' id='par_1_11' title="bbox 185 2797 1547 3282">
     <span class='ocr_line' id='line_1_24' title="bbox 237 2797 1547 2885; baseline -0.002 -25"><span class='ocrx_word' id='word_1_206' title='bbox 237 2800 410 2862; x_wconf 77' lang='lat' dir='ltr'><strong>eanderunb</strong></span> <span class='ocrx_word' id='word_1_207' title='bbox 438 2799 497 2863; x_wconf 90' lang='lat' dir='ltr'><strong>filii</strong></span> <span class='ocrx_word' id='word_1_208' title='bbox 525 2797 640 2864; x_wconf 81' lang='lat' dir='ltr'><strong>Iaoob?</strong></span> <span class='ocrx_word' id='word_1_209' title='bbox 678 2799 742 2864; x_wconf 78' lang='lat' dir='ltr'><strong>Aut</strong></span> <span class='ocrx_word' id='word_1_210' title='bbox 768 2804 889 2865; x_wconf 74' lang='lat' dir='ltr'><strong>uerbum</strong></span> <span class='ocrx_word' id='word_1_211' title='bbox 916 2804 963 2865; x_wconf 78' lang='lat' dir='ltr'><strong>est</strong></span> <span class='ocrx_word' id='word_1_212' title='bbox 991 2800 1065 2885; x_wconf 89' lang='lat' dir='ltr'><strong>quia</strong></span> <span class='ocrx_word' id='word_1_213' title='bbox 1090 2803 1193 2866; x_wconf 74' lang='lat' dir='ltr'><strong>bobum</strong></span> <span class='ocrx_word' id='word_1_214' title='bbox 1215 2797 1375 2864; x_wconf 86' lang='lat' dir='ltr'><strong>hominem</strong></span> <span class='ocrx_word' id='word_1_215' title='bbox 1402 2818 1471 2862; x_wconf 88' lang='lat' dir='ltr'><strong>mos</strong></span> <span class='ocrx_word' id='word_1_216' title='bbox 1499 2800 1547 2860; x_wconf 75' lang='lat' dir='ltr'><strong>est</strong></span> 
     </span>
     <span class='ocr_line' id='line_1_25' title="bbox 236 2896 1544 2985; baseline -0.001 -25"><span class='ocrx_word' id='word_1_217' title='bbox 236 2897 408 2979; x_wconf 73' lang='lat' dir='ltr'><strong>soripburae</strong></span> <span class='ocrx_word' id='word_1_218' title='bbox 430 2899 567 2963; x_wconf 86' lang='lat' dir='ltr'><strong>animam</strong></span> <span class='ocrx_word' id='word_1_219' title='bbox 590 2899 759 2978; x_wconf 84' lang='lat' dir='ltr'><strong>nominare,</strong></span> <span class='ocrx_word' id='word_1_220' title='bbox 781 2905 817 2964; x_wconf 79' lang='lat' dir='ltr'><strong>ub</strong></span> <span class='ocrx_word' id='word_1_221' title='bbox 831 2903 866 2964; x_wconf 74' lang='lat' dir='ltr'><strong>tu</strong></span> <span class='ocrx_word' id='word_1_222' title='bbox 881 2922 1008 2985; x_wconf 86' lang='lat' dir='ltr'><strong>quoque</strong></span> <span class='ocrx_word' id='word_1_223' title='bbox 1022 2898 1090 2982; x_wconf 87' lang='lat' dir='ltr'><strong>ipss</strong></span> <span class='ocrx_word' id='word_1_224' title='bbox 1105 2899 1267 2966; x_wconf 77' lang='lat' dir='ltr'><strong>confossus</strong></span> <span class='ocrx_word' id='word_1_225' title='bbox 1282 2901 1335 2962; x_wconf 72' lang='lat' dir='ltr'><strong>os?</strong></span> <span class='ocrx_word' id='word_1_226' title='bbox 1371 2896 1454 2973; x_wconf 83' lang='lat' dir='ltr'><strong>Quid</strong></span> <span class='ocrx_word' id='word_1_227' title='bbox 1470 2915 1544 2978; x_wconf 82' lang='lat' dir='ltr'><strong>argo</strong></span> 
     </span>
     <span class='ocr_line' id='line_1_26' title="bbox 185 2996 992 3080; baseline 0.01 -24"><span class='ocrx_word' id='word_1_228' title='bbox 185 2996 270 3058; x_wconf 78' lang='lat' dir='ltr'><strong>asin</strong></span> <span class='ocrx_word' id='word_1_229' title='bbox 291 2996 349 3076; x_wconf 88' lang='lat' dir='ltr'><strong>his,</strong></span> <span class='ocrx_word' id='word_1_230' title='bbox 372 3019 452 3080; x_wconf 87' lang='lat' dir='ltr'><strong>quas</strong></span> <span class='ocrx_word' id='word_1_231' title='bbox 474 2997 644 3062; x_wconf 79' lang='lat' dir='ltr'><strong>manifesta</strong></span> <span class='ocrx_word' id='word_1_232' title='bbox 665 3004 745 3078; x_wconf 71' lang='lat' dir='ltr'><strong>sunt,</strong></span> <span class='ocrx_word' id='word_1_233' title='bbox 766 3001 992 3066; x_wconf 74' lang='lat' dir='ltr'><strong>immoramur?</strong></span> 
     </span>
     <span class='ocr_line' id='line_1_27' title="bbox 320 3094 1545 3182; baseline -0.003 -22"><span class='ocrx_word' id='word_1_234' title='bbox 320 3117 345 3161; x_wconf 85' lang='lat' dir='ltr'><strong>o.</strong></span> <span class='ocrx_word' id='word_1_235' title='bbox 366 3099 472 3166; x_wconf 85' lang='lat' dir='ltr'><strong>XXI·</strong></span> <span class='ocrx_word' id='word_1_236' title='bbox 507 3103 583 3163; x_wconf 84' lang='lat' dir='ltr'><strong>Mor.</strong></span> <span class='ocrx_word' id='word_1_237' title='bbox 609 3102 650 3161; x_wconf 90' lang='lat' dir='ltr'><strong>d.:</strong></span> <span class='ocrx_word' id='word_1_238' title='bbox 679 3098 863 3182; x_wconf 67' lang='lat' dir='ltr'><strong>Apostolus,</strong></span> <span class='ocrx_word' id='word_1_239' title='bbox 892 3104 928 3163; x_wconf 77' lang='lat' dir='ltr'><strong>ut</strong></span> <span class='ocrx_word' id='word_1_240' title='bbox 954 3103 1041 3182; x_wconf 79' lang='lat' dir='ltr'><strong>puto,</strong></span> <span class='ocrx_word' id='word_1_241' title='bbox 1071 3097 1176 3163; x_wconf 82' lang='lat' dir='ltr'><strong>uerior</strong></span> <span class='ocrx_word' id='word_1_242' title='bbox 1201 3095 1341 3161; x_wconf 90' lang='lat' dir='ltr'><strong>omnium</strong></span> <span class='ocrx_word' id='word_1_243' title='bbox 1371 3094 1460 3160; x_wconf 74' lang='lat' dir='ltr'><strong>testis</strong></span> <span class='ocrx_word' id='word_1_244' title='bbox 1490 3097 1545 3157; x_wconf 77' lang='lat' dir='ltr'><strong>est.</strong></span> 
     </span>
     <span class='ocr_line' id='line_1_28' title="bbox 236 3191 1544 3282; baseline 0 -25"><span class='ocrx_word' id='word_1_245' title='bbox 236 3191 345 3276; x_wconf 91' lang='lat' dir='ltr'><strong>Ipsum</strong></span> <span class='ocrx_word' id='word_1_246' title='bbox 367 3200 538 3280; x_wconf 77' lang='lat' dir='ltr'><strong>producam</strong></span> <span class='ocrx_word' id='word_1_247' title='bbox 558 3197 714 3263; x_wconf 74' lang='lat' dir='ltr'><strong>dicentem</strong></span> <span class='ocrx_word' id='word_1_248' title='bbox 737 3199 811 3282; x_wconf 90' lang='lat' dir='ltr'><strong>quia</strong></span> <span class='ocrx_word' id='word_1_249' title='bbox 830 3221 943 3282; x_wconf 82' lang='lat' dir='ltr'><strong>eorpus</strong></span> <span class='ocrx_word' id='word_1_250' title='bbox 962 3198 1125 3263; x_wconf 87' lang='lat' dir='ltr'><strong>uinculum</strong></span> <span class='ocrx_word' id='word_1_251' title='bbox 1148 3200 1196 3261; x_wconf 76' lang='lat' dir='ltr'><strong>osb</strong></span> <span class='ocrx_word' id='word_1_252' title='bbox 1214 3195 1335 3259; x_wconf 89' lang='lat' dir='ltr'><strong>animae</strong></span> <span class='ocrx_word' id='word_1_253' title='bbox 1358 3197 1389 3259; x_wconf 75' lang='lat' dir='ltr'><strong>et</strong></span> <span class='ocrx_word' id='word_1_254' title='bbox 1403 3193 1544 3259; x_wconf 89' lang='lat' dir='ltr'><strong>omniurn</strong></span> 
     </span>
    </p>
   </div>
   <div class='ocr_carea' id='block_1_4' title="bbox 236 4339 1544 4664">
    <p class='ocr_par' dir='ltr' id='par_1_12' title="bbox 236 4339 1544 4664">
     <span class='ocr_line' id='line_1_29' title="bbox 321 4339 1544 4411; baseline -0.003 -15"><span class='ocrx_word' id='word_1_255' title='bbox 321 4340 342 4396; x_wconf 78' lang='lat'>4</span> <span class='ocrx_word' id='word_1_256' title='bbox 359 4341 401 4394; x_wconf 91' lang='lat' dir='ltr'><strong>Im</strong></span> <span class='ocrx_word' id='word_1_257' title='bbox 413 4339 488 4408; x_wconf 74' lang='lat' dir='ltr'><strong>dod,</strong></span> <span class='ocrx_word' id='word_1_258' title='bbox 507 4339 573 4396; x_wconf 82' lang='lat' dir='ltr'><strong>odor</strong></span> <span class='ocrx_word' id='word_1_259' title='bbox 584 4340 613 4395; x_wconf 87' lang='lat' dir='ltr'><strong>in</strong></span> <span class='ocrx_word' id='word_1_260' title='bbox 625 4340 730 4396; x_wconf 85' lang='lat' dir='ltr'><strong>moinsr</strong></span> <span class='ocrx_word' id='word_1_261' title='bbox 742 4340 833 4411; x_wconf 82' lang='lat' dir='ltr'><strong>Copia,</strong></span> <span class='ocrx_word' id='word_1_262' title='bbox 845 4341 919 4396; x_wconf 75' lang='lat' dir='ltr'><strong>fehlt</strong></span> <span class='ocrx_word' id='word_1_263' title='bbox 932 4357 1070 4396; x_wconf 78' lang='lat' dir='ltr'><strong>»camum«</strong></span> <span class='ocrx_word' id='word_1_264' title='bbox 1087 4341 1092 4408; x_wconf 89' lang='lat' dir='ltr'>l</span> <span class='ocrx_word' id='word_1_265' title='bbox 1107 4339 1172 4396; x_wconf 86' lang='lat' dir='ltr'><strong>Cod.</strong></span> <span class='ocrx_word' id='word_1_266' title='bbox 1185 4339 1410 4396; x_wconf 79' lang='lat' dir='ltr'><strong>resurraon&#39;onsm</strong></span> <span class='ocrx_word' id='word_1_267' title='bbox 1424 4339 1428 4406; x_wconf 93' lang='grc' dir='ltr'>Ι</span> <span class='ocrx_word' id='word_1_268' title='bbox 1443 4340 1460 4395; x_wconf 83' lang='lat'><strong>5</strong></span> <span class='ocrx_word' id='word_1_269' title='bbox 1479 4339 1544 4394; x_wconf 85' lang='lat' dir='ltr'><strong>Cod.</strong></span> 
     </span>
     <span class='ocr_line' id='line_1_30' title="bbox 236 4422 1544 4496; baseline -0.003 -18"><span class='ocrx_word' id='word_1_270' title='bbox 236 4422 339 4494; x_wconf 86' lang='lat' dir='ltr'><strong>primus</strong></span> <span class='ocrx_word' id='word_1_271' title='bbox 362 4425 367 4492; x_wconf 90' lang='lat' dir='ltr'>l</span> <span class='ocrx_word' id='word_1_272' title='bbox 391 4425 409 4481; x_wconf 80' lang='grc'><strong>8</strong></span> <span class='ocrx_word' id='word_1_273' title='bbox 432 4423 581 4494; x_wconf 79' lang='lat' dir='ltr'><strong>»requiem«</strong></span> <span class='ocrx_word' id='word_1_274' title='bbox 601 4425 693 4480; x_wconf 75' lang='lat' dir='ltr'><strong>istim</strong></span> <span class='ocrx_word' id='word_1_275' title='bbox 711 4424 777 4480; x_wconf 85' lang='lat' dir='ltr'><strong>Cod.</strong></span> <span class='ocrx_word' id='word_1_276' title='bbox 796 4424 921 4480; x_wconf 79' lang='lat' dir='ltr'><strong>awaimal</strong></span> <span class='ocrx_word' id='word_1_277' title='bbox 941 4425 1047 4496; x_wconf 68' lang='lat' dir='ltr'><strong>gessur</strong></span> <span class='ocrx_word' id='word_1_278' title='bbox 1070 4425 1074 4494; x_wconf 63' lang='lat' dir='ltr'><strong>b</strong></span> <span class='ocrx_word' id='word_1_279' title='bbox 1099 4424 1137 4480; x_wconf 78' lang='lat' dir='ltr'><strong>la</strong></span> <span class='ocrx_word' id='word_1_280' title='bbox 1155 4423 1205 4494; x_wconf 87' lang='lat' dir='ltr'><strong>Ns]</strong></span> <span class='ocrx_word' id='word_1_281' title='bbox 1223 4423 1288 4480; x_wconf 73' lang='lat' dir='ltr'><strong>(iod.</strong></span> <span class='ocrx_word' id='word_1_282' title='bbox 1306 4424 1369 4479; x_wconf 88' lang='lat' dir='ltr'><strong>Non</strong></span> <span class='ocrx_word' id='word_1_283' title='bbox 1391 4423 1396 4492; x_wconf 87' lang='grc' dir='ltr'>Ι</span> <span class='ocrx_word' id='word_1_284' title='bbox 1421 4423 1460 4480; x_wconf 81' lang='lat' dir='ltr'><strong>lu</strong></span> <span class='ocrx_word' id='word_1_285' title='bbox 1478 4422 1544 4478; x_wconf 74' lang='lat' dir='ltr'><strong>dod.</strong></span> 
     </span>
     <span class='ocr_line' id='line_1_31' title="bbox 237 4507 1544 4577; baseline 0.002 -16"><span class='ocrx_word' id='word_1_286' title='bbox 237 4507 374 4564; x_wconf 87' lang='lat' dir='ltr'><strong>nominari</strong></span> <span class='ocrx_word' id='word_1_287' title='bbox 388 4510 393 4577; x_wconf 92' lang='grc' dir='ltr'>Ι</span> <span class='ocrx_word' id='word_1_288' title='bbox 410 4509 449 4566; x_wconf 76' lang='grc'><strong>20</strong></span> <span class='ocrx_word' id='word_1_289' title='bbox 468 4508 533 4564; x_wconf 87' lang='lat' dir='ltr'><strong>Cod.</strong></span> <span class='ocrx_word' id='word_1_290' title='bbox 547 4509 654 4576; x_wconf 82' lang='lat' dir='ltr'><strong>lasoob,</strong></span> <span class='ocrx_word' id='word_1_291' title='bbox 671 4509 723 4564; x_wconf 79' lang='lat' dir='ltr'><strong>mib</strong></span> <span class='ocrx_word' id='word_1_292' title='bbox 735 4509 825 4564; x_wconf 79' lang='lat' dir='ltr'><strong>sinam</strong></span> <span class='ocrx_word' id='word_1_293' title='bbox 836 4509 946 4565; x_wconf 79' lang='lat' dir='ltr'><strong>Pnnkte</strong></span> <span class='ocrx_word' id='word_1_294' title='bbox 958 4510 1033 4576; x_wconf 79' lang='lat' dir='ltr'><strong>fiber,</strong></span> <span class='ocrx_word' id='word_1_295' title='bbox 1046 4509 1103 4564; x_wconf 88' lang='lat' dir='ltr'><strong>und</strong></span> <span class='ocrx_word' id='word_1_296' title='bbox 1117 4508 1207 4564; x_wconf 81' lang='lat' dir='ltr'><strong>sinam</strong></span> <span class='ocrx_word' id='word_1_297' title='bbox 1217 4510 1299 4564; x_wconf 72' lang='lat' dir='ltr'><strong>untur</strong></span> <span class='ocrx_word' id='word_1_298' title='bbox 1311 4508 1337 4565; x_wconf 85' lang='lat' dir='ltr'><strong>d</strong></span> <span class='ocrx_word' id='word_1_299' title='bbox 1350 4508 1461 4565; x_wconf 66' lang='lat' dir='ltr'><strong>Bnohsb</strong></span> <span class='ocrx_word' id='word_1_300' title='bbox 1476 4524 1520 4563; x_wconf 78' lang='lat' dir='ltr'><strong>»e«</strong></span> <span class='ocrx_word' id='word_1_301' title='bbox 1539 4511 1544 4574; x_wconf 67' lang='lat' dir='ltr'><strong>b</strong></span> 
     </span>
     <span class='ocr_line' id='line_1_32' title="bbox 238 4592 1189 4664; baseline 0.001 -18"><span class='ocrx_word' id='word_1_302' title='bbox 238 4592 277 4648; x_wconf 75' lang='lat'><strong>28</strong></span> <span class='ocrx_word' id='word_1_303' title='bbox 295 4595 352 4646; x_wconf 76' lang='lat' dir='ltr'><strong>Ant</strong></span> <span class='ocrx_word' id='word_1_304' title='bbox 370 4595 483 4648; x_wconf 65' lang='lat' dir='ltr'><strong>oenum.</strong></span> <span class='ocrx_word' id='word_1_305' title='bbox 513 4593 548 4649; x_wconf 87' lang='lat' dir='ltr'><strong>So</strong></span> <span class='ocrx_word' id='word_1_306' title='bbox 567 4593 614 4648; x_wconf 86' lang='lat' dir='ltr'><strong>dar</strong></span> <span class='ocrx_word' id='word_1_307' title='bbox 632 4592 698 4649; x_wconf 82' lang='lat' dir='ltr'><strong>Cod.</strong></span> <span class='ocrx_word' id='word_1_308' title='bbox 728 4592 853 4664; x_wconf 82' lang='lat' dir='ltr'><strong>Oaspari:</strong></span> <span class='ocrx_word' id='word_1_309' title='bbox 872 4597 976 4649; x_wconf 70' lang='lat' dir='ltr'><strong>uadum</strong></span> <span class='ocrx_word' id='word_1_310' title='bbox 994 4595 1094 4648; x_wconf 76' lang='lat' dir='ltr'><strong>autem.</strong></span> <span class='ocrx_word' id='word_1_311' title='bbox 1113 4623 1146 4632; x_wconf 92' lang='lat'><em>-</em></span> <span class='ocrx_word' id='word_1_312' title='bbox 1158 4593 1189 4647; x_wconf 93' lang='lat' dir='ltr'><strong>B.</strong></span> 
     </span>
    </p>
   </div>
   <div class='ocr_carea' id='block_1_5' title="bbox 0 0 1876 5528">
    <p class='ocr_par' dir='ltr' id='par_1_13' title="bbox 0 0 1876 5528">
     <span class='ocr_line' id='line_1_33' title="bbox 0 0 1876 5528; baseline 0 1"><span class='ocrx_word' id='word_1_313' title='bbox 0 0 1876 5528; x_wconf 95' lang='lat' dir='ltr'><strong> </strong></span> 
     </span>
    </p>
   </div>
  </div>
 </body>
</html>
