3744 5524
197 498 309 570 Caspari
325 498 365 553 IV
383 515 405 554 a
422 499 498 556 3-5.
797 499 904 571 Dialog.
1347 463 1349 468 Ι
1443 512 1501 576 145

198 668 394 753 requiramus
415 689 499 733 nunc
521 669 598 752 quid
620 669 716 734 sitin
737 691 822 750 uero,
844 670 871 736 si
885 675 990 736 tamen
1011 670 1090 735 mibi
1108 671 1316 756 interroganti
1337 675 1375 739 de
1394 673 1501 758 singu-

198 768 251 850 lis,
277 770 451 834 secundum
473 770 558 852 qnod
578 769 658 835 ratio
681 771 835 853 deposcit,
861 773 1048 855 respondere
1066 770 1163 850 uoles,
1184 775 1220 836 ut
1241 775 1273 836 et
1292 775 1328 837 tu
1349 792 1501 857 agnoscas

199 873 284 953 quod
305 890 415 934 uerum
438 871 492 948 est,
515 872 546 933 et
567 889 630 933 non
653 887 712 954 ego
733 870 766 934 in
789 891 907 935 uanum
927 870 1037 934 uidear
1058 888 1205 955 spargere
1227 893 1385 937 sermones
1405 895 1501 938 meos.

280 973 368 1033 Droe.
389 972 428 1032 d:
454 967 525 1052 Age
551 967 655 1034 dicito.
697 967 768 1054 Ego
795 967 879 1034 enim
908 973 1036 1053 paratus
1067 991 1137 1034 sum
1164 972 1272 1035 adesse
1298 971 1347 1035 bis
1376 992 1458 1055 quae
1484 995 1502 1036 a

164 1073 180 1126 5
198 1066 369 1134 Ualentino
391 1067 520 1132 definite
541 1071 623 1134 sunt.

281 1189 306 1232 c.
328 1166 391 1236 lv.
430 1172 485 1233 Ad.
511 1172 550 1233 d:
579 1165 674 1233 Unde
703 1167 835 1251 probare
865 1173 955 1252 potes
986 1168 1135 1252 quoniam
1166 1173 1331 1234 coaeterna
1361 1175 1409 1235 est
1444 1174 1502 1236 deo

199 1266 349 1332 materia?

281 1369 368 1432 Dros.
389 1371 430 1431 d:
459 1364 534 1432 Non
560 1367 638 1432 dicit
658 1366 692 1430 in
715 1365 828 1432 Genesi
856 1366 930 1452 quia
954 1371 1041 1431 Terra
1066 1379 1129 1432 erat
1147 1372 1314 1432 inadibilis
1340 1379 1366 1432 et
1389 1374 1503 1434 incoan-

195 1471 315 1547 posita?

148 1575 182 1630 10
281 1571 367 1631 maa.
389 1572 430 1632 d:
460 1565 508 1631 Ita
534 1567 685 1650 scriptum
712 1572 759 1631 est
789 1567 863 1651 quia
888 1570 971 1630 terra
992 1565 1159 1632 inuisibilis
1186 1571 1218 1631 et
1241 1568 1451 1650 incomposita
1473 1573 1505 1634 et

199 1687 263 1731 non
283 1688 302 1729 a
323 1668 381 1732 deo
404 1668 487 1732 facte
509 1671 576 1733 est?

282 1770 370 1830 Dros.
391 1771 431 1832 d:
453 1765 488 1833 Si
508 1765 620 1850 placet,
641 1766 713 1851 lego
735 1767 780 1830 ita
802 1765 962 1848 scriptum.

281 1870 336 1932 Ad.
357 1870 397 1930 d:
418 1865 585 1949 Aliquanti
605 1866 769 1931 hominum
790 1865 900 1929 uident
920 1865 953 1930 in
973 1864 1285 1932 somniamultarum
1304 1887 1336 1930 se
1359 1865 1503 1931 dominos

200 1963 389 2044 diuitiarum
415 1988 535 2044 uerum,
561 1987 633 2030 cum
656 1965 883 2050 euigilauerint,
909 1964 988 2029 nibil
1011 1971 1116 2031 tenere
1137 1965 1285 2030 uidentur
1304 1965 1338 2030 in
1359 1965 1503 2030 manibus

148 2071 182 2124 15
201 2069 232 2130 et
251 2069 327 2130 tunc
348 2063 437 2130 uelut
457 2065 580 2150 magnis
602 2065 765 2148 speciebus
786 2066 934 2130 uidentur
956 2086 1023 2129 esse
1049 2064 1199 2130 frustrati.
1241 2063 1290 2129 Ite
1310 2065 1389 2130 mihi
1410 2064 1504 2130 etiam

200 2184 284 2229 nunc
304 2165 431 2229 uidetur
451 2163 617 2229 Droserius
638 2165 713 2247 pati.
756 2163 818 2229 Sed
843 2163 916 2230 iube
942 2163 1067 2230 recitari
1093 2163 1278 2247 scripturam
1306 2164 1442 2244 Genesis,
1473 2168 1505 2228 et

203 2283 353 2349 agnosces
374 2264 403 2328 si
424 2268 491 2328 erat
510 2268 601 2344 terra,
623 2268 791 2347 antequam
811 2263 908 2343 fieret,
931 2268 986 2328 aut
1006 2263 1144 2329 materia

285 2369 371 2430 Eutr.
391 2369 431 2428 d:
451 2361 597 2448 Legatur.

283 2467 322 2528 In
337 2467 488 2544 perempto
509 2467 578 2544 secet
598 2467 671 2526 deus
690 2467 804 2526 coelum
824 2471 851 2526 ct
872 2471 988 2526 terram.
1027 2466 1113 2527 Terre
1134 2473 1233 2526 autem
1253 2472 1315 2526 erat
1337 2466 1504 2526 inubrbdie

147 2573 183 2628 20
200 2571 227 2626 et
246 2567 450 2644 inconposita.

285 2667 342 2728 Ad.
360 2667 400 2728 d:
421 2661 580 2739 Peruides,
600 2659 842 2743 prudentissime
856 2659 999 2744 Eutropi,
1020 2660 1257 2726 iniustissimam
1272 2660 1505 2744 subreptionem

202 2761 349 2828 Droserii.
384 2760 511 2827 Etenim
533 2783 604 2826 eum
626 2761 780 2843 scriptura
802 2759 933 2826 dixisset
958 2759 1045 2843 prius
1072 2761 1165 2824 deum
1192 2760 1303 2825 fecisse
1330 2759 1452 2826 coelum
1474 2763 1506 2824 et

201 2867 328 2940 terram,
360 2865 471 2945 postea
497 2860 574 2925 dicit
605 2859 680 2945 quia
707 2863 773 2924 erat
802 2863 885 2924 terra
913 2858 1082 2926 inuisibilis
1109 2865 1140 2924 et
1169 2859 1387 2943 incomposita.
1430 2856 1505 2924 Nou

203 2961 286 3026 enim
301 2961 381 3026 dixit
402 2961 476 3045 qnia
496 2965 535 3025 Ia
552 2965 704 3042 praeapte
724 2971 787 3024 erac
808 2971 892 3037 aare,
915 2962 982 3024 sed:
1002 2963 1041 3023 Ia
1056 2964 1208 3040 princepio
1222 2964 1291 3041 {ecit
1310 2963 1382 3024 deas
1395 2963 1506 3024 coelam

150 3066 184 3122 25
203 3072 229 3126 et
249 3071 370 3140 terram,
392 3064 517 3143 etpost
537 3060 598 3125 boc
618 3061 682 3124 iam
699 3064 787 3140 *terra
807 3059 888 3143 ipsa,
916 3081 1009 3143 quam
1031 3059 1065 3124 in
1085 3058 1239 3142 principio
1261 3059 1375 3124 iactam
1399 3080 1466 3124 esse
1487 3081 1507 3122 a

203 3163 262 3226 deo
284 3161 414 3240 dixerat,
435 3162 472 3224 de
494 3160 564 3244 ipsa
585 3159 662 3224 dicit
684 3159 758 3242 quia
780 3163 861 3225 esset
881 3163 1047 3224 inadibilis
1067 3168 1094 3222 ct
1113 3163 1317 3240 incomposita.

284 3263 371 3325 Matr.
392 3264 432 3325 d:
452 3259 708 3324 Manifestissime
730 3259 868 3323 ostendit
888 3259 1042 3342 scriptura
1061 3258 1215 3322 facturam
1234 3258 1284 3322 dei
1304 3260 1420 3322 terram
1439 3277 1506 3322 esse

203 3363 235 3424 et
260 3357 390 3424 coelum.
431 3357 511 3424 Oum
537 3359 620 3424 enim
644 3357 857 3442 praemisisset
887 3358 962 3441 quia
991 3357 1076 3422 facta
1105 3361 1159 3436 est
1189 3361 1300 3440 postea
1330 3377 1397 3422 esse
1427 3355 1508 3420 dixit

203 3482 272 3525 eam
302 3480 397 3542 quam
422 3458 538 3524 factam
565 3459 693 3524 dixerat.
732 3455 919 3522 Necessario
949 3455 1033 3522 enirn
1059 3478 1126 3522 esse
1153 3457 1286 3522 debebat
1316 3478 1396 3541 quae
1422 3454 1507 3520 facta

151 3570 186 3626 30
202 3560 265 3624 iam
286 3558 398 3622 fuerat

286 3679 312 3724 c.
332 3657 374 3726 V.
409 3663 463 3722 Ad.
486 3663 525 3724 d:
548 3655 610 3722 Sed
630 3658 794 3722 ueniamus
816 3658 856 3720 ad
877 3677 1011 3721 causam.
1047 3655 1213 3721 Materiam
1228 3655 1299 3720 uult
1312 3655 1375 3720 dici
1388 3653 1507 3721 Ualen-

203 3758 287 3824 tinus
310 3761 506 3823 coaetemem
529 3759 596 3839 deo,
617 3761 654 3821 ut
675 3759 768 3821 deum
789 3778 853 3821 non
874 3755 971 3821 faciat
992 3759 1151 3821 auctorem
1172 3753 1348 3821 malorum?

285 3860 374 3921 Dros.
395 3862 436 3921 d:
458 3855 507 3921 Ita
528 3861 584 3922 est.

286 3961 341 4022 Ad.
362 3961 402 4022 d:
423 3955 475 4022 Ab
494 3956 555 4022 istc
577 3978 672 4042 quam
691 3956 769 4021 dicis
783 3954 915 4021 materia
929 3957 1090 4038 separatus
1105 3958 1171 4019 erat
1185 3955 1269 4028 deus,
1291 3957 1346 4016 aut
1360 3953 1507 4018 coniunc-

152 4069 185 4123 35
203 4061 254 4122 tus
277 4061 308 4120 et
329 4055 488 4121 sociatus?

290 4421 308 4477 2
328 4419 393 4477 eoa
410 4420 507 4478 uolens
527 4423 531 4490 Ι
552 4423 587 4478 15
604 4420 734 4476 uidentur
750 4423 825 4478 steht
846 4420 1004 4476 ausserhalb
1026 4419 1074 4475 der
1092 4419 1165 4474 Zeila
1186 4418 1321 4474 zwischen
1337 4417 1389 4474 den
1408 4418 1508 4473 beiden

205 4505 358 4562 Columnen
374 4506 423 4562 der
441 4507 514 4562 Seite
531 4505 583 4562 mit
599 4506 735 4562 kleinerer
753 4505 854 4562 Schrift
872 4508 876 4575 i
897 4507 934 4561 17
954 4503 1020 4560 God.
1039 4504 1177 4575 agnoscis,
1196 4521 1236 4574 gr.
1253 4499 1349 4574 γνώσῃ
1364 4504 1369 4571 1
1386 4502 1423 4558 19
1441 4501 1509 4558 Wer

205 4589 249 4645 die
267 4590 352 4646 Stella
374 4591 547 4662 vergeleeen,
570 4589 638 4647 wird
656 4589 685 4644 in
703 4590 786 4645 Raida
803 4579 899 4646 iibere.
917 4587 995 4644 nicht
1016 4588 1149 4644 bemerkt.
1184 4586 1242 4641 Nur
1259 4585 1289 4640 in
1305 4585 1393 4642 Picus’
1412 4574 1508 4642 Ubera.

205 4672 267 4729 lieet
284 4674 322 4730 sie
340 4674 481 4730 Droserius
499 4693 560 4731 vor:
583 4674 659 4731 Eutr.
677 4674 824 4730 Recitator.
854 4673 932 4729 Dros.
954 4674 987 4728 In
1003 4671 1136 4744 principio
1154 4674 1205 4727 cet
1225 4673 1229 4740 Ι
1250 4669 1372 4811 22000d.
1391 4671 1508 4728 Droseri.

256 4759 422 4806 Adamantius.
1265 4759 1279 4810 1
