3744 5524
323 482 363 543 90
881 470 1071 526 Adamantius.
1282 470 1323 525 De
1340 471 1370 525 1ο
1387 469 1445 525 Rue
1462 469 1488 524 11
1505 470 1636 526 8312-0.

252 652 301 706 831
406 641 473 704 ΑΔ.
516 631 604 705 Ἰίστὶ
626 642 682 704 καί
704 639 809 706 τοῦτο
833 640 894 725 τῆς
914 631 1077 724 ὑμετέρας
1098 631 1227 723 τόλμης
1245 640 1250 722 Ι
1270 631 1385 724 ὥσπερ
1403 633 1447 704 τά
1462 633 1567 704 λοιπά
1580 641 1636 704 καὶ

324 740 429 806 τοῦτο
460 731 647 820 ἐναλλάξαι
699 728 786 804 ἀλλὰ
817 740 900 823 γοῦν
928 741 1064 822 παρίτω
1096 729 1114 804 ό
1146 728 1339 816 ἀπόστολος
1367 737 1515 822 ἐλέγχων
1534 729 1632 822 ἀμῶν

324 833 389 924 τήν
410 835 634 923 ῥαδισυργίαν.

407 940 483 1003 ΜΚ.
520 940 681 1021 Φανερῶς
704 939 791 1021 λέγει
813 928 832 1004 ό
855 931 984 1023 σωτήρ·
1011 933 1185 1023 ἐντολήν
1206 933 1352 1024 καινήν
1372 939 1516 1022 δίδωμι
1536 929 1627 1022 δμιν

289 1051 305 1103 5
324 1031 365 1102 τό
387 1031 509 1103 καινὸν
528 1040 579 1122 τῷ
602 1040 738 1124 παλαιῷ
762 1029 823 1104 σόνι
845 1039 929 1116 ἴσον,
954 1039 1041 1122 λέγει
1063 1033 1126 1123 γάρ
1147 1030 1254 1104 πάλιν
1273 1029 1292 1104 ό
1312 1029 1443 1123 σωτήρ·
1466 1031 1635 1119 βάλλου-

323 1156 386 1204 σιν
414 1132 530 1203 οίνσν
552 1138 647 1203 νέσν
669 1139 723 1214 είς
745 1127 891 1214 ἀσκοὺς
914 1141 1029 1214 νέους
1050 1140 1117 1203 καί
1139 1127 1366 1223 ἀμφότεροι
1387 1138 1635 1223 συντηροῦν-

325 1261 398 1302 ται
441 1229 483 1302 τό
505 1229 627 1302 καινόν
657 1227 720 1302 σάκ
747 1235 817 1302 ἐστι
839 1230 1010 1322 πλήρωμα
1032 1237 1095 1304 τοῦ
1116 1238 1273 1316 παλαιοῦ,
1296 1229 1402 1302 πάλιν
1422 1232 1486 1322 γάρ
1508 1227 1636 1321 λέγειό

324 1329 454 1422 σωτήρ·
486 1328 618 1412 οὐδεὶς
648 1329 860 1416 ἐπιβάλλει
890 1334 1088 1422 ἐπίβλημα
1114 1329 1263 1421 ῥάκους
1285 1326 1468 1421 ἀγνάφου
1490 1335 1636 1420 ίματίῳ

296 1483 298 1488 -
323 1438 493 1520 παλαιῷ.
537 1428 599 1502 σάκ
629 1432 700 1501 ἐστι
730 1429 900 1522 πλήρωμα
932 1429 1038 1520 νόμου
1069 1428 1140 1503 σόδ
1172 1426 1191 1502 δ
1223 1430 1371 1521 Χριστὸς
1402 1427 1472 1502 οὐδ’
1504 1426 1523 1502 ό
1554 1424 1636 1500 ἀπό·

274 1544 307 1626 10
325 1541 457 1612 στσλσς.

408 1637 474 1700 ΑΔ.
509 1624 601 1718 Ὅρα,
623 1630 789 1720 ίεροότατε
805 1627 974 1720 Εάτρόπιε
998 1627 1149 1714 δικαστά,
1173 1623 1269 1712 όπως
1292 1631 1335 1702 τὰ
1356 1637 1471 1712 καλῶς
1485 1635 1637 1701 διεσταλ-

324 1735 408 1820 μένα
448 1736 562 1812 κακῶς
604 1736 797 1818 λεξιβηρῶν
832 1736 1012 1820 προφέρει,
1061 1728 1258 1820 πρόσταξον
1294 1727 1560 1819 ἀναγνωσθῆναι
1595 1726 1636 1798 τό

287 1825 534 1918 σεάαγγέλισν,
564 1835 620 1899 καί
651 1825 889 1918 γνωσθήσεται
910 1836 987 1918 περί
1009 1836 1111 1911 ποίας
1132 1833 1276 1919 ἐντολῆς
1297 1836 1416 1919 καινῆς
1438 1833 1638 1900 ἐντέταλται

326 1924 495 2018 όσωτήρ.

275 2043 307 2096 15
409 2027 472 2098 ΕΓ
473 2036 530 2099 ΤΡ.
573 2023 857 2118 ἶίναγνωσβήτω.

409 2134 477 2198 ΑΔ.
518 2124 782 2216 ἈναγναόσσμαιΙ
805 2124 993 2216 ἐντολήν,
1017 2135 1108 2216 φησί,
1131 2128 1275 2218 καινήν
1297 2133 1439 2217 δίδωμι
1461 2125 1553 2218 όμῑν
1574 2132 1637 2198 ίνα

327 2224 511 2316 ἀγαπᾶτε
532 2221 747 2315 ἀλλήλους,
769 2228 905 2308 καθώς
926 2223 945 2296 ό
968 2227 1099 2316 πατὴρ
1122 2222 1326 2316 ῆγάπησεν
1346 2224 1456 2316 ὑμᾶς.

410 2335 531 2398 ΕῩΤΡ,
575 2332 687 2415 Λῆλσν
718 2319 772 2397 ότι
803 2326 868 2416 τήν
899 2321 1035 2417 ἀγάπην
1061 2324 1211 2412 σόρίσατο
1234 2327 1320 2396 είναι
1340 2328 1463 2416 καινήν
1484 2323 1638 2416 ἐντολήν.

409 2433 476 2497 ΑΔ.
523 2424 566 2496 Τὸ
596 2424 717 2496 καινόν
748 2422 821 2513 σόχὶ
851 2433 907 2496 καὶ
938 2432 1037 2513 ξένον
1067 2430 1137 2496 ἐστὶ
1169 2432 1233 2496 τοῦ
1262 2423 1547 2516 προϋπάρχοντος
1576 2455 1638 2496 πα-

275 2539 309 2593 20
328 2532 434 2598 λαιοῦ.

411 2633 486 2695 MK.
533 2622 576 2694 Τό
598 2622 748 2695 παλαιόν
769 2631 833 2696 τσῦ
856 2623 963 2714 νόμον
985 2631 1048 2695 τσῦ
1069 2631 1272 2715 δημιουργοῦ
1294 2629 1374 2708 ἐστι,
1398 2622 1440 2695 τὸ
1463 2630 1498 2696 δέ
1523 2622 1644 2697 καινόν

327 2731 390 2795 τοῦ
405 2719 551 2813 ἀγαθοῦ·
575 2721 708 2805 οὐδεὶς
730 2721 816 2813 γάρ,
840 2732 952 2814 φησίν,
974 2721 1181 2809 ἐπιβάλλει
1204 2720 1281 2795 ἀπὸ
1297 2722 1442 2814 ῥάκους
1457 2720 1637 2813 ἀγνάφου

327 2829 390 2895 ἐπὶ
413 2829 559 2914 ίματίῳ
582 2831 752 2914 παλαιῷ.

409 2929 476 2994 ΑΔ.
519 2930 599 3004 Πῶς
626 2927 720 2994 ἐσται
746 2921 788 2993 τὸ
818 2921 939 2994 καινόν
968 2922 1072 3012 ῥάκος
1099 2930 1161 2994 τοῦ
1190 2931 1339 2996 παλαιοῦ
1369 2929 1504 3014 ίματίσυ
1530 2929 1637 3011 ξένον,

275 3045 308 3098 25
326 3030 403 3114 μιᾶς
423 3030 480 3095 καὶ
501 3029 563 3113 τῆς
586 3019 690 3112 αότῆς
713 3020 827 3105 σόσίας
849 3016 950 3112 σόσης
964 3021 1153 3113 προβάτων
1167 3023 1310 3111 φάσεως,
1332 3028 1367 3110 ἐξ
1382 3017 1421 3113 ῆς
1435 3022 1640 3110 ἀφαίνσνται

293 3123 371 3195 στά
402 3127 488 3214 ’έρια;
519 3117 606 3192 ἀλλὰ
636 3130 692 3192 καί
723 3119 743 3212 ή
774 3128 875 3212 τέχνη
903 3120 1134 3214 ήέρισυργυιή
1156 3131 1214 3213 μία
1234 3133 1291 3195 καὶ
1313 3120 1366 3213 <ή>
1390 3120 1475 3213 αότή
1498 3119 1638 3212 ἀπάρχει

328 3220 348 3313 ή
374 3229 519 3294 πσισῦσα
545 3228 601 3291 καὶ
624 3221 667 3292 τά
688 3222 817 3293 παλαιά
838 3230 893 3294 καὶ
916 3223 961 3295 τά
980 3221 1089 3294 καινά.
1132 3217 1206 3293 ἀλλ’
1229 3215 1291 3294 σάν
1312 3251 1347 3312 γε
1369 3230 1425 3294 καί
1447 3218 1466 3294 ό
1489 3225 1581 3304 σίνος
1603 3226 1640 3292 ἐκ

328 3328 389 3410 τῆς
421 3317 525 3411 αάτῆς
556 3315 723 3411 ἀμπέλου,
754 3329 810 3392 καὶ
841 3317 1027 3404 όπαλαιός
1047 3331 1104 3393 καὶ
1126 3317 1146 3395 ό
1169 3329 1244 3404 νέος
1265 3329 1483 3413 προφέρεται
1526 3326 1581 3393 ίνα
1604 3327 1639 3391 δὲ

327 3428 539 3511 σαφέστερον
561 3418 733 3510 ἐπιστήσω
756 3418 804 3503 ἀς
826 3415 881 3496 ότι
903 3418 1002 3494 οὐδὲν
1024 3429 1123 3510 ξένον
1138 3427 1330 3493 ἐνετείλατο
1347 3418 1366 3494 ό
1381 3423 1499 3513 σωτήρ
1515 3429 1639 3510 λέγων·

276 3535 310 3588 30
327 3524 505 3612 ἐντολήν
534 3521 679 3611 καινήν
705 3526 847 3610 δίδωμι
872 3519 965 3611 δμῑν
991 3527 1054 3593 ίνα
1076 3517 1257 3612 ἀγαπᾶτε
1278 3517 1496 3612 ἀλλήλους,
1527 3517 1638 3610 ἀναγι-
1725 3555 1730 3563 ·

328 3621 452 3692 νσόσκω
483 3620 528 3692 τά
559 3625 596 3692 ἐν
632 3628 683 3712 τῷ
715 3620 809 3712 νόμω
837 3627 1071 3712 διεσταλμένα·
1102 3619 1334 3712 ἀγαπήσεις,
1367 3630 1462 3712 φησί,
1498 3621 1640 3713 κόριον

329 3719 402 3792 τόν
431 3719 532 3792 θεὸν
562 3724 602 3808 ἐξ
632 3714 727 3811 όλης
750 3728 820 3811 τῆς
842 3728 1024 3804 διανοίας
1046 3746 1128 3794 σου·
1159 3729 1214 3794 καὶ
1242 3721 1415 3812 δεύτερον·
1444 3720 1517 3793 τὸν
1543 3731 1640 3810 πλη-

328 3827 418 3891 οίσν
439 3844 510 3891 οσυ
532 3817 585 3902 σός
607 3820 787 3894 σεαυτόν.

414 3927 490 3992 ΜΚ.
534 3928 615 4003 Πῶς
643 3913 705 3992 σόν
726 3918 745 3992 ό
768 3917 962 4004 ἀπόστολος
984 3929 1084 4011 λέγει·
1115 3927 1229 4004 εἴτις
1252 3926 1293 3994 ἐν
1316 3929 1492 4012 Χριστῷ,
1523 3920 1639 4010 καινή

277 4039 310 4092 35
329 4026 473 4103 κτίσις,
506 4021 553 4092 τὰ
580 4017 724 4112 ἀρχαῖα
749 4029 973 4113 παρῆλθεν·
1004 4021 1092 4092 ίδού
1119 4028 1257 4111 γέγονε
1283 4022 1332 4094 τὰ
1353 4020 1486 4094 πάντα
1507 4017 1640 4104 καινά;

416 4175 444 4244 4]
463 4177 638 4232 Joh.13:34.
662 4206 696 4216 -
717 4178 773 4246 576]
792 4177 941 4244 Mt.9:17‚
964 4177 1017 4232 Mc.
1030 4178 1059 4248 25
1074 4180 1119 4243 22,
1141 4177 1187 4232 Lm
1200 4183 1227 4234 5:
1241 4179 1282 4233 37.
1306 4207 1340 4217 -
1362 4177 1421 4248 879]
1444 4177 1534 4233 Mm:
1547 4177 1588 4232 16.
1607 4206 1638 4216 -

330 4260 432 4329 lom]
445 4261 507 4316 Joh.
522 4264 566 4317 13:
579 4265 620 4328 34,
640 4264 684 4316 17:
697 4262 738 4316 23.
751 4291 783 4301 -—
796 4261 921 4331 81—88]
934 4262 1013 4318 Dent„
1026 4265 1054 4318 6:
1068 4267 1092 4326 5,
1111 4263 1174 4318 Lev.
1188 4264 1232 4318 19:
1249 4262 1444 4332 18.-14γ11]
1462 4263 1585 4317 2Cor.5:
1600 4263 1639 4315 17.

415 4378 434 4434 2
453 4376 506 4435 οὐκ
524 4375 590 4450 ἐστι]
613 4379 708 4448 anue
724 4397 773 4434 ασσ
794 4379 858 4436 Chr.
875 4397 923 4434 υσσ
942 4397 987 4449 ομ.
1005 4380 1062 4435 Pia
1086 4385 1091 4442 Ι
1116 4377 1132 4435 ὁ
1155 4397 1205 4437 vor
1222 4382 1275 4452 Χρ.
1294 4391 1327 4440 <
1345 4382 1405 4446 AB,
1432 4379 1449 4436 δ
1471 4399 1521 4436 τοι
1538 4376 1639 4436 ἀπίοι.

330 4473 363 4522 <
381 4463 438 4530 ΒΕ,
457 4461 474 4518 ὁ
492 4482 528 4520 an
545 4465 647 4521 beiden
665 4464 770 4520 Stellen
789 4475 822 4524 <
840 4465 912 4519 FGH
935 4466 940 4533 1
965 4465 1002 4520 17
1022 4465 1124 4536 πατὴρ]
1144 4467 1237 4538 σωτήρ
1255 4466 1281 4519 Η
1299 4465 1348 4520 Pie
1380 4467 1384 4532 Ι
1410 4467 1448 4523 18
1466 4464 1596 4534 δηλονότι
1614 4464 1640 4517 (1.

330 4548 401 4602 HSS.
422 4551 426 4615 Ι
446 4543 589 4621 ὡρίσαντο
608 4549 675 4617 A¹c‚
693 4545 844 4623 ὼρήσαντσ
863 4549 908 4602 ΒΕ
928 4551 933 4616 1
953 4549 992 4604 22
1011 4548 1162 4605 vielleicht
1179 4547 1294 4620 ἀγαθοῦ
1310 4553 1383 4606 θεοῦ
1406 4553 1410 4618 1
1432 4549 1472 4606 26
1490 4547 1640 4622 ἐρσυργυιη

330 4633 403 4690 ABE
418 4635 423 4702 Ι
438 4633 455 4702 η
473 4651 523 4689 vor
541 4633 610 4702 αὐτη
629 4643 663 4694 <
680 4634 706 4687 d.
724 4634 795 4688 HSS.
816 4633 937 4687 »eadem«
956 4634 1014 4688 Ρὶσ.
1030 4637 1034 4702 Ι
1050 4634 1090 4690 29
1109 4631 1149 4699 ίνς
1166 4629 1210 4692 ίίτι
1229 4635 1355 4700 ΑΒΟΡΗ,
1373 4631 1413 4700 ὼς
1431 4636 1457 4690 d.
1475 4634 1534 4690 iibr.
