3708 5528
203 504 314 576 Caspari
330 505 343 558 I
362 521 383 558 o.
402 505 427 558 6.
806 501 913 573 Dialog.
1475 503 1512 565 13

203 673 312 740 Unum
334 672 418 738 enim
440 671 600 738 Christum
622 695 730 738 omnes
752 671 946 748 annuntiant,
970 673 1001 734 et
1022 691 1130 735 omnes
1153 673 1261 735 eedem
1283 671 1400 735 dicunt
1428 667 1514 734 Nem

204 776 231 840 si
252 774 470 856 unusquisque
493 793 602 838 eorum
623 772 720 838 alium
747 776 778 837 et
803 771 900 836 alium
923 769 1084 837 Christum
1105 770 1300 853 praedicaret
1321 768 1372 836 vel
1393 791 1514 833 annun·

204 876 305 952 tieret,
327 872 407 937 bene
427 873 507 936 haec
527 872 654 938 diceres.
698 871 732 938 Si
753 895 830 937 uero
852 871 912 936 toti
934 873 1071 953 quatuor
1092 871 1131 934 de
1151 893 1215 935 uno
1231 868 1356 935 Christo
1377 868 1513 952 loquun-

204 980 263 1055 tur,
285 995 351 1038 non
372 975 447 1036 sunt
469 977 612 1055 quatuor,
633 973 689 1036 sed
710 994 808 1038 unum
831 975 878 1036 est
899 969 1107 1054 euangelium.

169 1079 187 1132 5
287 1079 361 1153 Meo.
382 1077 424 1136 d:
453 1069 627 1154 Apostolus
648 1093 712 1136 non
734 1071 826 1136 dixit:
853 1068 1031 1134 Secundum
1052 1069 1217 1154 euangelia
1230 1092 1313 1148 mea,
1335 1072 1391 1133 sed
1411 1091 1514 1134 emun-

205 1179 279 1238 dam
303 1173 494 1251 euocyelium
516 1193 626 1236 meum.
667 1168 766 1235 Vides
797 1172 957 1254 quomodo
982 1191 1082 1233 unum
1108 1169 1186 1234 dicit
1212 1192 1287 1235 esse.
1330 1168 1376 1234 Et
1399 1168 1515 1232 iterum

206 1272 294 1338 dicit:
314 1270 369 1336 'Se'
388 1275 475 1335 coms
500 1273 570 1352 quis
591 1273 675 1333 aliter
699 1273 962 1350 memineram,
992 1274 1150 1334 caetheum
1170 1275 1217 1334 sit
1260 1268 1340 1334 Cum
1362 1288 1439 1351 ergo
1460 1266 1515 1331 ille

207 1372 284 1437 dicit
305 1392 403 1436 unum
425 1391 501 1446 esse,
523 1371 682 1453 quomodo
704 1392 762 1435 uos
785 1373 921 1454 quatuor
942 1367 1067 1433 dicitis?

289 1477 344 1536 Ad.
371 1476 412 1536 d:
446 1467 659 1552 Euangelium
692 1469 787 1534 etiam
816 1491 874 1534 nos
904 1490 1002 1532 unum
1034 1468 1180 1548 dicimus,
1214 1472 1270 1534 sed
1305 1466 1516 1551 euangelistas

157 1575 189 1630 10
211 1575 354 1655 quatuor.

288 1677 360 1752 Meo.
382 1676 422 1736 d:
452 1667 567 1755 Neque
594 1669 805 1754 euangelistae
830 1673 904 1734 sunt
930 1673 1077 1752 quatuor,
1108 1670 1164 1733 sed
1189 1690 1278 1733 unus.
1321 1667 1408 1733 Dicit
1434 1667 1517 1732 enim

206 1770 381 1854 apostolus:
412 1769 520 1854 (Miror
547 1776 627 1853 qued
655 1775 699 1834 sio
728 1779 789 1834 tom
819 1774 875 1834 cito
903 1773 1126 1850 transferimini
1149 1773 1185 1832 ie
1211 1773 1296 1832 atiud
1316 1767 1516 1850 euueyelium)

206 1875 287 1952 quod
306 1893 370 1935 nore
386 1880 429 1934 est
448 1873 541 1947 atiud,
563 1873 628 1933 aiei
647 1879 720 1934 aaut
733 1875 787 1952 qui
807 1893 864 1934 uos
882 1873 1097 1934 contarenus
1117 1871 1226 1932 uetant
1242 1878 1404 1950 pacatae
1424 1891 1517 1933 euon-

206 1973 319 2050 yele'um
343 1973 463 2034 Christi.

157 2070 190 2124 15
291 2069 351 2134 Aa.
371 2074 411 2134 d:
441 2068 541 2135 Paulo
564 2069 688 2134 dicente
720 2070 827 2154 plures
849 2091 917 2135 esse
939 2069 1162 2154 euangelistae,
1190 2071 1349 2152 quomodo
1376 2071 1413 2132 tu
1441 2067 1518 2133 diois

207 2190 305 2232 unum
328 2173 414 2233 esse?

289 2271 363 2350 Meo.
385 2273 425 2332 d:
448 2265 524 2333 Non
546 2268 626 2332 dixit
647 2270 722 2353 quie
743 2269 836 2334 multi
858 2273 931 2333 sunt
952 2269 1172 2353 euangelistae.

291 2373 346 2432 Ad.
367 2373 399 2432 d:
426 2365 462 2432 In
484 2369 629 2433 manibus
651 2371 803 2434 habemus
825 2367 1014 2452 apostolum,
1038 2372 1070 2434 et
1090 2368 1190 2452 probo
1212 2388 1284 2432 eum
1307 2367 1463 2432 dicentem
1485 2367 1519 2431 in

209 2466 343 2550 epistola
364 2469 405 2531 ad
428 2465 567 2532 Galatas:
593 2471 652 2532 Sed
672 2478 698 2534 et
719 2474 749 2533 si
768 2492 839 2547 noe,
861 2468 978 2552 inquit,
1004 2477 1057 2532 out
1078 2473 1200 2549 acceiae
1221 2473 1256 2532 de
1274 2471 1351 2532 coelo
1371 2472 1520 2549 euoeyeli·

156 2563 191 2620 20
208 2572 326 2632 sacerd
341 2571 429 2632 uotis
446 2578 653 2650 praeterquam
667 2574 747 2650 quod
760 2572 1039 2650 euoeqelixouimus
1052 2573 1148 2647 cotis,
1166 2573 1325 2632 ceramo
1342 2571 1390 2634 eit.
1420 2565 1519 2632 Uides

209 2685 284 2750 ergo
315 2666 391 2751 quie
419 2671 695 2749 eueeqeliacuimus
725 2667 812 2732 dixit
856 2667 890 2733 si
917 2667 1001 2731 enim
1021 2673 1234 2748 eoocyclireui
1254 2666 1396 2746 dixisset,
1426 2669 1521 2731 dese

209 2767 277 2831 solo
300 2765 415 2832 dixisse
437 2766 604 2832 uideretur.
641 2764 738 2831 Nunc
758 2770 864 2832 autem
887 2767 1006 2832 dicens:
1036 2771 1323 2849 euuayelirnrrimm,
1344 2765 1451 2849 plures
1473 2768 1521 2830 in·

210 2866 294 2930 dicat
320 2865 541 2950 euangelistae.
588 2871 634 2940 (Et
655 2873 756 2928 iterum
781 2873 849 2928 dicit
871 2873 1022 2944 apostolus:
1047 2874 1092 2929 Ita
1112 2879 1136 2928 et
1156 2873 1295 2928 Dominus
1316 2873 1455 2942 dispoam
1475 2873 1521 2927 his

209 2963 261 3032 que·
276 2962 451 3032 macedium
467 2966 651 3034 oenomaum,
672 2973 704 3022 ot
720 2969 752 3022 de
768 2968 910 3034 meusim
927 2968 1042 3034 meam,
1065 2969 1094 3023 at
1109 2983 1166 3024 non
1183 2966 1267 3022 dixit:
1291 2967 1357 3022 huie
1374 2965 1426 3036 qui
1440 2983 1523 3022 ecoe

157 3041 192 3097 25
206 3047 309 3116 celtum
328 3048 485 3103 enacmin.
520 3049 557 3105 Et
574 3050 686 3118 iterum,
704 3051 843 3123 cumipse
861 3054 932 3106 esset
949 3051 1133 3122 euangelista,
1155 3051 1251 3107 scn'bit
1267 3051 1425 3107 Timotheo:
1448 3051 1522 3120 Opus

211 3130 259 3199 foe
274 3132 474 3203 mmmdistue.)

293 3223 379 3284 Eat,
395 3223 435 3284 ct:
457 3218 547 3286 Haeo
561 3223 668 3288 omnia
689 3224 851 3290 euidenter
873 3222 1083 3308 euangelistae
1104 3222 1222 3287 multos
1245 3221 1388 3288 indicant
1408 3227 1440 3288 et
1458 3245 1524 3289 non

211 3339 309 3382 unum

294 3424 370 3500 Μεφ.
391 3425 434 3484 d:
460 3418 536 3487 Non
558 3422 636 3487 dicit
657 3425 696 3486 de
717 3422 795 3503 istis,
817 3424 872 3486 sed
893 3425 932 3486 de
954 3421 1084 3487 Siluano
1106 3425 1138 3486 et
1159 3420 1335 3488 Timotheo.

161 3517 197 3573 30
294 3523 381 3583 Eetr.
402 3524 442 3586 d:
478 3519 585 3587 Primo
617 3522 742 3587 dicebas
773 3521 875 3586 solum
905 3520 1040 3586 Paulum
1070 3543 1138 3586 esse
1168 3521 1411 3606 euangelistam,
1442 3544 1526 3588 nunc

212 3621 318 3682 autem
339 3618 435 3684 etiam
457 3619 536 3686 alios
553 3620 715 3687 confessus
730 3643 771 3688 es.
814 3619 902 3686 Licet
917 3641 1006 3706 ergo,
1027 3626 1065 3686 ut
1085 3621 1191 3699 uideo,
1215 3621 1311 3686 etiam
1332 3623 1410 3689 elios
1434 3622 1527 3688 disei-

212 3714 304 3799 pulos
318 3716 352 3782 in
367 3718 633 3804 euangelistarum
651 3743 781 3787 numero
804 3719 930 3804 suscipi
966 3719 1001 3784 Si
1022 3719 1106 3785 enim
1121 3719 1269 3786 Siluanus
1292 3726 1324 3786 et
1339 3719 1527 3788 Timotheus

212 3819 244 3880 et
265 3813 384 3882 Paulus
407 3819 620 3904 euangelistae
641 3824 731 3900 sunt,
753 3820 830 3885 dicit
851 3825 957 3884 autem
978 3820 1045 3904 ipse
1067 3819 1197 3886 Paulus:
1230 3826 1318 3896 Quod
1338 3825 1529 3902 euoeyela‘sa·

210 3920 316 3980 cimus
337 3921 439 3998 aoth,
469 3919 644 3984 uerisimile
664 3921 791 3986 uidetur
811 3919 909 4003 recipi
932 3919 1057 3998 dehere,
1088 3919 1194 4003 plures
1218 3943 1285 3986 esse
1308 3919 1529 4005 euangelistae,

158 4016 194 4072 ³5
211 4017 266 4080 sed
286 4038 387 4081 unum
409 4039 476 4083 esse
498 4017 706 4104 euangelium.

295 4165 313 4221 2
335 4165 442 4221 »Unus«
461 4167 491 4221 in
510 4167 726 4238 »unusquisque«
741 4170 815 4223 steht
832 4165 871 4222 im
884 4169 949 4225 ch.
961 4168 1030 4224 dher
1041 4168 1090 4225 der
1101 4168 1180 4224 Zeila
1210 4168 1253 4226 Ob
1265 4187 1293 4224 es
1305 4188 1368 4225 vom
1381 4169 1525 4226 Schneiber

213 4249 299 4305 selbst
316 4250 383 4306 oder
400 4268 455 4305 von
473 4251 561 4307 einem
579 4253 707 4308 Anderen
725 4253 861 4319 herrdhrt,
879 4253 916 4307 ist
933 4254 1038 4309 schwer
1055 4271 1089 4308 au
1106 4253 1283 4309 anueheiden
1298 4254 1302 4323 Ι
1318 4254 1384 4310 Cod.
1404 4253 1524 4325 »praedi--

211 4336 331 4400 carent«,
344 4333 411 4390 aber
420 4336 473 4391 mit
481 4337 727 4392 unterstriehenem
738 4356 787 4391 ›n‹
804 4337 809 4398 t
827 4339 841 4394 7
856 4336 965 4392 »nobis«
979 4339 1048 4393 stett
1061 4337 1170 4393 ›uobis‹
1185 4336 1284 4393 drucht
1293 4337 1403 4409 Caspari
1415 4339 1525 4394 intum-

211 4419 276 4476 lioh.
293 4420 362 4474 -B
378 4419 383 4489 1
399 4419 485 4485 23124
499 4420 622 4477 Iconii:
636 4423 688 4490 141
705 4421 744 4478 26
757 4421 888 4478 sitne:
903 4422 938 4491 51
959 4423 999 4478 dd
1016 4421 1081 4478 coa
1097 4421 1175 4491 ›qni‹
1194 4424 1394 4492 stattsquod13
1413 4424 1526 4496 Casperi

215 4506 286 4560 aetat
302 4505 373 4559 statt
396 4503 486 4574 »quod
507 4504 759 4576 euangeliaauimus
781 4505 875 4562 uobis«
900 4507 948 4562 des
966 4506 1127 4578 Folgenden
1144 4523 1241 4578 wegen
1260 4508 1425 4564 »secundum
1443 4525 1524 4564 evan·

213 4589 315 4660 galium
333 4605 440 4644 meum‹
458 4590 489 4645 in
505 4589 559 4645 den
570 4589 651 4658 Text;
671 4589 757 4646 allein
769 4607 818 4645 aus
836 4591 899 4646 dem
918 4591 1022 4660 »quod«
1035 4591 1140 4646 konnte
1152 4590 1201 4645 des
1221 4609 1321 4647 »unum
1334 4593 1530 4665 euangelium«

211 4672 350 4744 gefclgert
368 4672 487 4729 werden.
522 4673 592 4729 Eine
604 4674 794 4746 Abweiohung
810 4693 875 4731 vom
893 4674 1018 4747 Original
1038 4674 1147 4731 erlaobt
1164 4675 1222 4730 sich
1239 4676 1321 4732 Rufin
1337 4677 1431 4733 ofters.
1453 4709 1486 4718 -
1499 4679 1531 4734 B.
