3744 5524
367 469 406 530 χχ
905 455 1094 512 Adamantius.
1331 457 1371 512 Do
1388 455 1417 510 la
1434 456 1491 511 Rue
1508 457 1521 509 I
1538 456 1670 512 Slva-d.

367 629 590 712 διωχθέντων
617 627 809 711 προφητῶν
833 625 889 690 καί
911 622 1064 704 δικαίων,
1093 613 1300 692 ἀποστόλων
1322 625 1435 690 τεκαὶ
1457 627 1530 691 τῶν
1551 624 1670 690 διωκο-

366 728 479 810 μένων
501 723 555 795 διὰ
578 721 727 812 Χριστὸν
748 725 925 809 μαθητῶν.

450 929 570 994 ΕΧΤΡ.
617 929 696 1005 Πῶς
723 915 785 994 οῦν
817 927 850 1004 <··
878 916 1087 1008 ἀπόστολος>
1112 916 1336 1009 ἀποκέχρηται
1365 938 1437 1003 τοῖς
1461 919 1670 1010 προφήταις·

366 1027 395 1093 εί
416 1019 479 1111 γάρ
502 1022 534 1096 ol
554 1027 732 1112 προφῆται
753 1005 886 1110 λέγουῦί
899 1028 955 1094 καὶ
977 1017 1080 1104 αύτὸς
1102 1015 1237 1109 ὁμοίως,
1260 1026 1365 1110 δῆλον
1387 1013 1441 1091 ὅτι
1464 1016 1525 1092 ούκ
1539 1015 1668 1108 ἀκυροῖ,

332 1133 348 1184 5
367 1117 439 1193 ἀλλ’
463 1119 576 1208 ώσπερ
598 1133 716 1205 καλοῖς
737 1127 792 1193 καὶ
815 1131 968 1213 νομίμοις
989 1126 1156 1209 κέχρηται.

450 1229 552 1291 ΜΕΓ.
598 1218 716 1291 Ούδενί
737 1221 851 1309 ρητιῦς
873 1218 1100 1309 ἀποκέχρηται
1121 1225 1195 1292 τῶν
1217 1214 1377 1307 ἀρχαίων
1398 1214 1579 1308 ἀμήχανον.

329 1332 347 1384 b
450 1327 516 1392 ΑΔ.
552 1329 707 1410 Δείκνυμι
721 1325 758 1392 ἐν
771 1331 915 1404 πολλοῖς
930 1325 1074 1410 λέγοντα
1089 1317 1152 1390 τὸν
1166 1313 1361 1390 ἀπόστολον
1375 1324 1430 1389 καὶ
1445 1323 1669 1406 ἐπικυροῦντα

364 1427 419 1490 καί
442 1417 505 1492 οῦκ
527 1417 776 1504 ἀποβάλλοντα
812 1426 898 1510 λέγει
920 1419 983 1510 γὰρ
1004 1422 1042 1489 έν
1063 1425 1106 1506 τῇ
1128 1417 1214 1503 πρὸς
1230 1424 1436 1504 Κορινθίους
1457 1417 1579 1506 πρώτη
1601 1422 1670 1488 ἐπι-

366 1527 484 1608 στολῇ
516 1512 626 1603 ὅπως
651 1519 700 1609 μὴ
731 1517 976 1608 καυχήσηται
1002 1523 1106 1590 πᾶσα
1132 1515 1227 1605 σάρξ
1254 1515 1435 1589 ἐνώπιον
1463 1512 1602 1588 αῦτοῦ·
1631 1521 1670 1603 ἐξ

316 1631 349 1685 10
366 1616 491 1690 αύτοῦ
522 1624 561 1690 δὲ
591 1616 699 1708 ύμεῖς
729 1624 818 1691 ἐστε
847 1622 890 1688 έν
922 1623 1080 1706 Χριστῷ
1110 1611 1245 1705 Ἰησοῦ.
1277 1608 1319 1698 ῦς
1349 1613 1520 1705 ἐγενήθη
1549 1624 1669 1704 σοφία

367 1716 458 1809 ἡμῖν
473 1715 549 1791 ἀπὸ
565 1725 677 1802 θεοῦ,
701 1717 932 1812 δικαιοσύνη
948 1724 1069 1789 τεκαὶ
1084 1711 1276 1804 ἀγιασμὸς
1295 1720 1358 1786 καί
1374 1711 1668 1804 ἀπολύτρωσις,

367 1823 429 1890 ίνα
457 1819 594 1900 καθώς
623 1823 854 1906 γέγραπται·
886 1813 906 1888 ὁ
935 1815 1191 1904 καυχώμενος
1221 1819 1263 1886 ἐν
1291 1823 1415 1904 κυρίῳ
1445 1813 1669 1904 καυχάσθω.

366 1915 603 2007 ἀκριβέστερον
634 1923 669 1989 δὲ
699 1922 736 1989 ἐν
767 1925 810 2007 τῇ
835 1912 921 2005 αύτῇ
949 1921 1110 2004 ἐπιστολῇ
1137 1919 1305 2005 ἐμφαίνει,
1336 1920 1458 2003 λέγων·
1494 1924 1554 1998 τίς
1584 1944 1670 1987 ποι-

365 2023 498 2105 μαίνει
527 2023 701 2106 ποίμνην
731 2025 795 2087 καί
823 2021 867 2087 ἐκ
897 2021 969 2088 τοῦ
1002 2013 1200 2102 γάλακτος
1229 2010 1301 2086 οῦκ
1331 2018 1474 2099 ἐσθίει;
1506 2013 1556 2104 μὴ
1586 2011 1668 2086 κατ’

317 2127 348 2178 15
368 2115 590 2204 ἄνθρωπον
611 2123 736 2187 ταῦτα
758 2123 882 2200 λαλῶ,
908 2109 930 2204 ἢ
952 2112 1039 2202 ούχὶ
1060 2121 1124 2185 καὶ
1146 2111 1166 2186 ὁ
1190 2109 1313 2203 νόμος
1335 2119 1459 2184 ταῦτα
1481 2121 1600 2204 λέγει;
1629 2120 1670 2187 ἐν

335 2213 439 2305 ὓγὰρ
469 2220 524 2303 τῷ
554 2221 730 2300 Μωσέως
761 2211 868 2304 νόμῳ
899 2219 1133 2303 γέγραπται·
1164 2210 1209 2284 ού
1238 2213 1430 2302 φιμώσεις
1455 2220 1551 2298 βοῦν
1582 2211 1671 2286 ἀλο-

368 2319 486 2385 ώντα.
522 2314 571 2404 μὴ
595 2323 676 2386 τῶν
696 2321 928 2403 βοώνμέλει
949 2321 1005 2404 τῷ
1020 2318 1119 2404 θεῷ,·
1141 2309 1162 2402 ἢ
1185 2309 1231 2385 δι’
1253 2310 1351 2403 ἡμᾶς
1372 2310 1671 2402 πάντωςλέγει,·

367 2407 413 2532 δι’
444 2409 541 2502 ἡμᾶς
575 2413 647 2504 γὰρ
682 2411 833 2504 ἐγράφη
869 2407 933 2485 ὅτι
968 2408 1124 2500 ὀφείλει
1157 2409 1213 2484 ἐπ’
1243 2417 1376 2484 ἐλπίδι
1411 2407 1430 2485 ὁ
1465 2408 1671 2502 ἀροτριῶν

368 2539 569 2601 αροτριαν.
812 2523 820 2540 ’

317 2625 350 2678 20
450 2619 553 2684 ΜΕΓ.
598 2615 697 2696 Οἶδας
719 2609 774 2685 ὅτι
796 2618 948 2696 Μωσέως
970 2609 1078 2702 νόμον
1099 2612 1200 2695 εἶπεν,
1213 2607 1264 2702 ,σύ
1285 2617 1348 2682 τοῦ
1369 2617 1460 2683 θεοῦ.

450 2719 571 2784 ΕΥΤΡ.
617 2713 698 2785 Οἶδα
724 2706 780 2784 ὅτι
805 2718 959 2795 Μωσέως
986 2709 1094 2801 νόμον
1121 2713 1227 2795 εἶπεν,
1259 2706 1333 2782 ἀλλ’
1359 2709 1526 2798 ἐκύρωσεν
1552 2709 1672 2782 εἰπών·

366 2809 417 2900 μὴ
437 2821 530 2902 περὶ
552 2820 636 2883 τών
657 2819 765 2897 βοών
785 2819 908 2902 μέλει,
939 2821 1034 2900 φησί,
1065 2817 1120 2901 τῷ
1144 2817 1240 2900 θεῴ,·
1269 2807 1291 2900 ἢ
1313 2806 1359 2883 δι’
1386 2806 1483 2901 ἡμᾶς
1509 2808 1673 2892 πάντως

367 2916 489 3000 λέγει;
510 2907 555 2981 δι’
578 2907 676 3000 ἡμᾶς
697 2908 952 3001 γὰρ’έγράφη.
986 2905 1067 3000 ὁρᾶς
1082 2904 1137 2982 ὅτι
1151 2930 1250 2998 κυροῖ
1265 2917 1320 2982 καί
1337 2906 1385 2993 ώς
1399 2917 1513 2994 καλῶς
1530 2915 1671 3000 κειμένῳ

367 3015 534 3100 κέχρηται.
570 3007 679 3094 ούδελς
692 3011 755 3101 γὰρ
777 3018 897 3102 σαπρῷ
915 3007 1009 3100 νόμῳ
1030 3017 1187 3099 κέχρηται
1205 3010 1293 3098 πρὸς
1312 3007 1484 3095 ἀπόδειξιν
1505 3006 1672 3100 ἢφαύλῳ,

332 3119 349 3172 d
369 3106 455 3180 ἀλλὰ
476 3116 646 3198 κρείττονι
667 3118 722 3181 καὶ
742 3118 878 3200 τελείῳ·
906 3107 954 3192 ώς
976 3107 1039 3198 γάρ
1061 3107 1110 3192 σύ,
1133 3106 1338 3194 βουλόμενος
1360 3115 1521 3181 συνιστῦν
1540 3110 1585 3181 τά
1606 3105 1672 3182 ύπὸ

368 3214 428 3279 σοῦ
455 3205 630 3297 λεγόμενα,
660 3207 786 3298 Παύλῳ
812 3215 969 3298 κέχρησαι
995 3205 1153 3297 μάρτυρι,
1184 3213 1239 3280 λ’να
1264 3216 1380 3293 βέβαια
1406 3203 1426 3298 ᾖ
1454 3208 1496 3280 τά
1523 3206 1591 3280 ύπὸ
1613 3217 1673 3280 σοῦ

367 3304 539 3397 λεγόμενα,
562 3304 654 3379 οῦτω
677 3313 733 3380 καί
755 3303 774 3380 ὁ
796 3305 990 3390 ἀπόστολος
1013 3304 1227 3397 ἀπεχρήσατο
1248 3305 1394 3398 μάρτυρι
1415 3315 1466 3398 τῷ
1490 3304 1594 3398 νόμῳ.

451 3415 553 3478 ΜΕΙῖ
587 3403 669 3496 Ἐγώ
685 3411 722 3478 ἐκ
736 3415 811 3479 τών
834 3415 976 3496 γραφών
992 3412 1090 3492 δείξω
1106 3400 1162 3478 ὅτι
1175 3406 1279 3489 ἀλλος
1300 3413 1393 3480 ἐστὶν
1407 3403 1426 3478 δ
1445 3413 1508 3480 τοῦ
1524 3413 1673 3495 Χριστοῦ

366 3505 490 3597 πατήρ,
512 3514 568 3578 καί
584 3505 688 3588 ἄλλος
708 3502 728 3578 ὁ
750 3505 957 3596 δημιουργός.
993 3502 1012 3578 ὁ
1035 3506 1236 3596 δημιουργὸς
1257 3507 1415 3596 ἐγνώσθη
1437 3514 1489 3596 τῷ
1504 3503 1603 3593 Ἀδὰμ
1617 3513 1673 3578 καὶ

315 3621 349 3675 30
368 3624 439 3688 τοῖς
460 3604 549 3676 κατὰ
570 3601 703 3693 καιρόν,
731 3601 779 3689 ώς
807 3610 844 3678 ἐν
871 3625 945 3690 ταῖς
966 3625 1108 3694 γραφαῖς
1133 3611 1307 3697 δηλοῦται·
1339 3601 1357 3677 ύ
1381 3612 1416 3677 δὲ
1438 3612 1501 3677 τοῦ
1523 3612 1673 3692 Χριστοῦ

366 3703 478 3794 πατὴρ
500 3701 678 3792 ἄγνωστός
699 3710 800 3788 ἐστιν,
829 3701 876 3788 ώς
899 3702 1000 3788 αὐτὸς
1022 3701 1041 3776 δ
1065 3706 1212 3794 Χριστὸς
1234 3702 1444 3795 ἀπεφήνατο,
1467 3713 1544 3794 περὶ
1566 3702 1672 3776 αῦτοῦ

450 3924 555 3995 9-12]
577 3929 590 3980 1
603 3925 663 3982 Cor.
676 3931 704 3982 1:
717 3927 827 3984 29-31.
844 3925 900 3982 Jer.
913 3927 942 3981 9:
955 3928 996 3982 23.
1014 3957 1047 3966 -
1068 3926 1189 3996 18-19]
1211 3931 1223 3981 1
1238 3926 1297 3981 Gor.
1310 3928 1339 3982 9:
1353 3927 1445 3982 7-10.

450 4111 469 4165 θ
487 4107 503 4164 ὁ
522 4107 683 4176 ἀπόστολος
699 4121 733 4171 <
750 4111 776 4166 d.
797 4129 836 4180 gr.
848 4111 928 4176 HSS„
946 4128 974 4165 σε
991 4129 1065 4165 muns
1084 4111 1156 4176 abor,
1175 4111 1226 4164 wie
1244 4127 1292 4164 aus
1310 4110 1335 4164 <L
1354 4109 1403 4164 lat
1416 4099 1468 4165 Ub.
1486 4110 1593 4172 ετίιείίί.
1611 4110 1672 4166 hin·

365 4195 497 4265 zugefiigb
521 4195 639 4250 werdon.
674 4196 756 4250 Sonat
780 4194 873 4249 warde
899 4191 1034 4266 ἀποκέχρ.
1057 4194 1123 4249 kein
1150 4193 1266 4262 Subjekt
1291 4195 1390 4249 haben.
1425 4194 1476 4249 Die
1502 4195 1673 4265 Auslassung

365 4279 441 4333 kann
459 4280 544 4333 durch
562 4279 615 4334 den
633 4278 875 4348 gleiohlaubenden
891 4278 1004 4348 Χοίρας
1025 4277 1178 4333 νεταοίαεεῖ
1194 4278 1252 4332 sein
1267 4280 1271 4345 1
1286 4279 1305 4331 4
1323 4275 1437 4350 ἀκυροῖ]
1460 4273 1540 4350 εῦροι
1557 4279 1583 4332 d.
1601 4277 1672 4335 HSS.

365 4382 390 4418 u.
404 4368 506 4434 Ausgg.
523 4361 575 4420 οίικ
592 4357 672 4434 εὕροι
684 4365 726 4418 131.
750 4362 814 4433 vgl.
827 4363 999 4418 untou817b
1017 4362 1068 4418 τὸν
1086 4361 1186 4420 ἀποστ.
1203 4360 1398 4434 έπικνροῦντα.
1416 4365 1487 4422 817ο
1504 4361 1646 4436 ἐκύρωσεν
1667 4365 1672 4431 1

366 4448 404 4503 18
432 4445 511 4529 αὐτῇ]
539 4445 665 4504 αὐτοῦίἹ
689 4449 693 4514 Ι
718 4447 757 4503 14
775 4447 938 4516 ποίμνηνΒ
961 4448 1104 4515 (ποιμνὴν)
1121 4446 1181 4511 DE,
1204 4447 1345 4517 ποίμνηον
1365 4450 1393 4516 G,
1419 4450 1526 4517 ποιμην
1545 4449 1570 4502 d.
1587 4448 1645 4504 σου.
1667 4449 1671 4514 Ι

365 4533 403 4588 25
421 4527 462 4598 ὼς
478 4531 534 4605 γὰρ
545 4532 602 4598 ΧΗ,
619 4530 647 4588 τί
662 4529 718 4604 γὰρ
731 4531 756 4585 d.
768 4532 826 4585 iibr.
842 4535 846 4596 Ι
862 4529 896 4586 σύ
906 4530 1092 4604 βουλόμενος]
1105 4536 1238 4604 συμβουλ.
1256 4538 1281 4589 A
1293 4535 1355 4602 (mit
1368 4533 1401 4589 σὺ
1413 4534 1480 4588 iiber
1491 4532 1517 4586 δ
1530 4533 1567 4600 Ζ.)
1579 4529 1672 4598 Βῑίλίί,

365 4614 398 4671 σὺ
416 4617 646 4698 συμβουλόμενος
663 4617 692 4670 C.
