<?xml version="1.0" encoding="UTF-8"?>
<!DOCTYPE html PUBLIC "-//W3C//DTD XHTML 1.0 Transitional//EN"
    "http://www.w3.org/TR/xhtml1/DTD/xhtml1-transitional.dtd">
<html xmlns="http://www.w3.org/1999/xhtml" xml:lang="en" lang="en">
 <head>
  <title>
</title>
<meta http-equiv="Content-Type" content="text/html;charset=utf-8" />
  <meta name='ocr-system' content='tesseract 3.04.00' />
  <meta name='ocr-capabilities' content='ocr_page ocr_carea ocr_par ocr_line ocrx_word'/>
</head>
<body>
  <div class='ocr_page' id='page_1' title='image "./diegriechischen03religoog_0282.png"; bbox 0 0 3744 5528; ppageno 0'>
   <div class='ocr_carea' id='block_1_1' title="bbox 358 499 1657 572">
    <p class='ocr_par' dir='ltr' id='par_1_1' title="bbox 358 499 1657 572">
     <span class='ocr_line' id='line_1_1' title="bbox 358 499 1657 572; baseline -0.016 7"><span class='ocrx_word' id='word_1_1' title='bbox 358 509 416 572; x_wconf 80' lang='grc'><em>164</em></span> <span class='ocrx_word' id='word_1_2' title='bbox 910 499 1100 557; x_wconf 63' lang='lat' dir='ltr'><strong>Adamantius·</strong></span> <span class='ocrx_word' id='word_1_3' title='bbox 1289 502 1330 556; x_wconf 82' lang='lat' dir='ltr'><em>De</em></span> <span class='ocrx_word' id='word_1_4' title='bbox 1347 499 1376 554; x_wconf 75' lang='grc' dir='ltr'><em>1ο</em></span> <span class='ocrx_word' id='word_1_5' title='bbox 1391 501 1450 556; x_wconf 81' lang='lat' dir='ltr'><em>Rue</em></span> <span class='ocrx_word' id='word_1_6' title='bbox 1466 501 1506 556; x_wconf 90' lang='lat' dir='ltr'><em>IV</em></span> <span class='ocrx_word' id='word_1_7' title='bbox 1522 502 1657 558; x_wconf 69' lang='grc' dir='ltr'><em>848ο-ι1.</em></span> 
     </span>
    </p>
   </div>
   <div class='ocr_carea' id='block_1_2' title="bbox 297 660 1657 3537">
    <p class='ocr_par' dir='ltr' id='par_1_2' title="bbox 297 660 1657 3537">
     <span class='ocr_line' id='line_1_2' title="bbox 354 660 1657 755; baseline 0 -19"><span class='ocrx_word' id='word_1_8' title='bbox 354 663 440 750; x_wconf 84' lang='grc' dir='ltr'><em>πρὸς</em></span> <span class='ocrx_word' id='word_1_9' title='bbox 466 663 506 754; x_wconf 84' lang='grc' dir='ltr'><em>δὴ</em></span> <span class='ocrx_word' id='word_1_10' title='bbox 533 663 669 748; x_wconf 84' lang='grc' dir='ltr'><strong><em>τούτοις</em></strong></span> <span class='ocrx_word' id='word_1_11' title='bbox 694 671 750 736; x_wconf 85' lang='grc' dir='ltr'><em>καί</em></span> <span class='ocrx_word' id='word_1_12' title='bbox 779 664 819 737; x_wconf 90' lang='grc' dir='ltr'><em>τὸ</em></span> <span class='ocrx_word' id='word_1_13' title='bbox 846 662 1000 754; x_wconf 85' lang='grc' dir='ltr'><em>χρήματα</em></span> <span class='ocrx_word' id='word_1_14' title='bbox 1030 660 1209 754; x_wconf 78' lang='grc' dir='ltr'><em>λαμβάνειν</em></span> <span class='ocrx_word' id='word_1_15' title='bbox 1235 662 1329 746; x_wconf 90' lang='grc' dir='ltr'><em>τινός</em></span> <span class='ocrx_word' id='word_1_16' title='bbox 1359 671 1410 754; x_wconf 83' lang='grc' dir='ltr'><em>τῷ</em></span> <span class='ocrx_word' id='word_1_17' title='bbox 1441 660 1561 754; x_wconf 86' lang='grc' dir='ltr'><em>τρόπῳ</em></span> <span class='ocrx_word' id='word_1_18' title='bbox 1594 671 1657 755; x_wconf 85' lang='grc' dir='ltr'><em>τῆς</em></span> 
     </span>
     <span class='ocr_line' id='line_1_3' title="bbox 355 756 1654 853; baseline -0.001 -17"><span class='ocrx_word' id='word_1_19' title='bbox 355 761 492 852; x_wconf 77' lang='grc' dir='ltr'><em>λήψεως</em></span> <span class='ocrx_word' id='word_1_20' title='bbox 518 771 645 852; x_wconf 87' lang='grc' dir='ltr'><em>γίνεται</em></span> <span class='ocrx_word' id='word_1_21' title='bbox 671 761 783 836; x_wconf 90' lang='grc' dir='ltr'><em>κακόν.</em></span> <span class='ocrx_word' id='word_1_22' title='bbox 827 764 886 836; x_wconf 76' lang='grc' dir='ltr'><em>ἐὰν</em></span> <span class='ocrx_word' id='word_1_23' title='bbox 911 770 972 853; x_wconf 77' lang='grc' dir='ltr'><em>μὲν</em></span> <span class='ocrx_word' id='word_1_24' title='bbox 994 761 1056 853; x_wconf 90' lang='grc' dir='ltr'><em>γάρ</em></span> <span class='ocrx_word' id='word_1_25' title='bbox 1077 793 1129 846; x_wconf 90' lang='grc' dir='ltr'><em>τις</em></span> <span class='ocrx_word' id='word_1_26' title='bbox 1151 764 1223 852; x_wconf 86' lang='grc' dir='ltr'><em>δοόη</em></span> <span class='ocrx_word' id='word_1_27' title='bbox 1244 771 1427 835; x_wconf 82' lang='grc' dir='ltr'><em>κοινωνῶν</em></span> <span class='ocrx_word' id='word_1_28' title='bbox 1449 767 1484 850; x_wconf 77' lang='grc' dir='ltr'><em>ἐξ</em></span> <span class='ocrx_word' id='word_1_29' title='bbox 1507 756 1654 852; x_wconf 75' lang='grc' dir='ltr'><em>ἀνέχει,</em></span> 
     </span>
     <span class='ocr_line' id='line_1_4' title="bbox 356 856 1655 952; baseline 0.001 -20"><span class='ocrx_word' id='word_1_30' title='bbox 356 857 375 932; x_wconf 89' lang='grc' dir='ltr'><em>ό</em></span> <span class='ocrx_word' id='word_1_31' title='bbox 403 861 585 952; x_wconf 80' lang='grc' dir='ltr'><em>λαμβάνων</em></span> <span class='ocrx_word' id='word_1_32' title='bbox 611 861 709 935; x_wconf 76' lang='grc' dir='ltr'><em>οὐδὲν</em></span> <span class='ocrx_word' id='word_1_33' title='bbox 735 870 869 951; x_wconf 83' lang='grc' dir='ltr'><em>φαῦλον</em></span> <span class='ocrx_word' id='word_1_34' title='bbox 895 882 998 948; x_wconf 77' lang='grc' dir='ltr'><em>ποιεί,</em></span> <span class='ocrx_word' id='word_1_35' title='bbox 1027 869 1056 934; x_wconf 87' lang='grc' dir='ltr'><em>εί</em></span> <span class='ocrx_word' id='word_1_36' title='bbox 1077 860 1106 935; x_wconf 84' lang='grc' dir='ltr'><em>δ</em></span> <span class='ocrx_word' id='word_1_37' title='bbox 1128 856 1170 934; x_wconf 83' lang='grc' dir='ltr'><em>αὖ</em></span> <span class='ocrx_word' id='word_1_38' title='bbox 1195 859 1301 934; x_wconf 87' lang='grc' dir='ltr'><em>πάλιν</em></span> <span class='ocrx_word' id='word_1_39' title='bbox 1322 861 1470 944; x_wconf 82' lang='grc' dir='ltr'><em>ἄκοντος</em></span> <span class='ocrx_word' id='word_1_40' title='bbox 1491 859 1655 949; x_wconf 79' lang='grc' dir='ltr'><em>ἀφέλοιτο</em></span> 
     </span>
     <span class='ocr_line' id='line_1_5' title="bbox 317 957 1656 1054; baseline 0.003 -24"><span class='ocrx_word' id='word_1_41' title='bbox 317 971 336 1025; x_wconf 93' lang='lat' dir='ltr'>b</span> <span class='ocrx_word' id='word_1_42' title='bbox 356 957 378 1051; x_wconf 79' lang='grc' dir='ltr'><em>ἢ</em></span> <span class='ocrx_word' id='word_1_43' title='bbox 401 960 605 1052; x_wconf 84' lang='grc' dir='ltr'><em>λεληθότως,</em></span> <span class='ocrx_word' id='word_1_44' title='bbox 628 965 727 1052; x_wconf 80' lang='grc' dir='ltr'><em>ἔργον</em></span> <span class='ocrx_word' id='word_1_45' title='bbox 748 991 781 1034; x_wconf 91' lang='grc' dir='ltr'><em>τι</em></span> <span class='ocrx_word' id='word_1_46' title='bbox 802 959 1128 1054; x_wconf 78' lang='grc' dir='ltr'><em>πσνηρὸνπράττει.</em></span> <span class='ocrx_word' id='word_1_47' title='bbox 1166 968 1221 1032; x_wconf 88' lang='grc' dir='ltr'><em>καί</em></span> <span class='ocrx_word' id='word_1_48' title='bbox 1243 961 1284 1032; x_wconf 89' lang='grc' dir='ltr'><em>τὸ</em></span> <span class='ocrx_word' id='word_1_49' title='bbox 1306 968 1366 1050; x_wconf 79' lang='grc' dir='ltr'><em>μὲν</em></span> <span class='ocrx_word' id='word_1_50' title='bbox 1389 958 1553 1052; x_wconf 89' lang='grc' dir='ltr'><em>ἀλλότρια</em></span> <span class='ocrx_word' id='word_1_51' title='bbox 1576 971 1656 1051; x_wconf 89' lang='grc' dir='ltr'><em>λαμ·</em></span> 
     </span>
     <span class='ocr_line' id='line_1_6' title="bbox 321 1057 1656 1154; baseline 0.001 -22"><span class='ocrx_word' id='word_1_52' title='bbox 321 1069 337 1122; x_wconf 84' lang='grc'>5</span> <span class='ocrx_word' id='word_1_53' title='bbox 355 1057 469 1144; x_wconf 87' lang='grc' dir='ltr'><em>βάνειν</em></span> <span class='ocrx_word' id='word_1_54' title='bbox 491 1057 543 1133; x_wconf 75' lang='grc' dir='ltr'><em>ἐπ’</em></span> <span class='ocrx_word' id='word_1_55' title='bbox 565 1059 769 1154; x_wconf 75' lang='grc' dir='ltr'><em>ἀμφοτέρων</em></span> <span class='ocrx_word' id='word_1_56' title='bbox 784 1066 886 1147; x_wconf 78' lang='grc' dir='ltr'><em>ἐστίν,</em></span> <span class='ocrx_word' id='word_1_57' title='bbox 907 1058 926 1133; x_wconf 87' lang='grc' dir='ltr'><em>ό</em></span> <span class='ocrx_word' id='word_1_58' title='bbox 949 1069 985 1134; x_wconf 76' lang='grc' dir='ltr'><em>δὲ</em></span> <span class='ocrx_word' id='word_1_59' title='bbox 1006 1068 1067 1151; x_wconf 83' lang='grc' dir='ltr'><em>τῆς</em></span> <span class='ocrx_word' id='word_1_60' title='bbox 1084 1059 1221 1150; x_wconf 83' lang='grc' dir='ltr'><em>λήψεως</em></span> <span class='ocrx_word' id='word_1_61' title='bbox 1235 1057 1364 1150; x_wconf 93' lang='grc' dir='ltr'><em>τρόπος</em></span> <span class='ocrx_word' id='word_1_62' title='bbox 1377 1061 1485 1133; x_wconf 89' lang='grc' dir='ltr'><em>κακὸν</em></span> <span class='ocrx_word' id='word_1_63' title='bbox 1499 1068 1656 1151; x_wconf 82' lang='grc' dir='ltr'><em>λέγεσθαι</em></span> 
     </span>
     <span class='ocr_line' id='line_1_7' title="bbox 356 1156 1656 1251; baseline -0.001 -21"><span class='ocrx_word' id='word_1_64' title='bbox 356 1167 460 1232; x_wconf 81' lang='grc' dir='ltr'><em>τοῦτο</em></span> <span class='ocrx_word' id='word_1_65' title='bbox 482 1179 580 1234; x_wconf 74' lang='grc' dir='ltr'><em>ποιεί</em></span> <span class='ocrx_word' id='word_1_66' title='bbox 622 1157 749 1251; x_wconf 87' lang='grc' dir='ltr'><em>δμοίως</em></span> <span class='ocrx_word' id='word_1_67' title='bbox 776 1168 812 1233; x_wconf 80' lang='grc' dir='ltr'><em>δὲ</em></span> <span class='ocrx_word' id='word_1_68' title='bbox 838 1169 894 1234; x_wconf 87' lang='grc' dir='ltr'><em>καί</em></span> <span class='ocrx_word' id='word_1_69' title='bbox 916 1160 958 1234; x_wconf 88' lang='grc' dir='ltr'><em>τό</em></span> <span class='ocrx_word' id='word_1_70' title='bbox 980 1171 1152 1246; x_wconf 83' lang='grc' dir='ltr'><em>θεοσεβειν</em></span> <span class='ocrx_word' id='word_1_71' title='bbox 1174 1156 1293 1251; x_wconf 86' lang='grc' dir='ltr'><em>τρόπῳ</em></span> <span class='ocrx_word' id='word_1_72' title='bbox 1316 1158 1423 1232; x_wconf 89' lang='grc' dir='ltr'><em>κακόν</em></span> <span class='ocrx_word' id='word_1_73' title='bbox 1444 1169 1584 1249; x_wconf 91' lang='grc' dir='ltr'><em>γίνεται.</em></span> <span class='ocrx_word' id='word_1_74' title='bbox 1627 1163 1656 1231; x_wconf 81' lang='grc' dir='ltr'><em>εί</em></span> 
     </span>
     <span class='ocr_line' id='line_1_8' title="bbox 354 1256 1653 1350; baseline 0.002 -22"><span class='ocrx_word' id='word_1_75' title='bbox 354 1264 415 1344; x_wconf 80' lang='grc' dir='ltr'><em>μὲν</em></span> <span class='ocrx_word' id='word_1_76' title='bbox 445 1257 508 1349; x_wconf 88' lang='grc' dir='ltr'><em>γάρ</em></span> <span class='ocrx_word' id='word_1_77' title='bbox 538 1289 590 1344; x_wconf 91' lang='grc' dir='ltr'><em>τις</em></span> <span class='ocrx_word' id='word_1_78' title='bbox 620 1260 715 1350; x_wconf 78' lang='grc' dir='ltr'><em>(τὸν)</em></span> <span class='ocrx_word' id='word_1_79' title='bbox 746 1258 860 1350; x_wconf 82' lang='grc' dir='ltr'><em>ἀληθῆ</em></span> <span class='ocrx_word' id='word_1_80' title='bbox 890 1266 976 1345; x_wconf 84' lang='grc' dir='ltr'><em>σέβει</em></span> <span class='ocrx_word' id='word_1_81' title='bbox 1005 1258 1104 1345; x_wconf 78' lang='grc' dir='ltr'><em>θεόν,</em></span> <span class='ocrx_word' id='word_1_82' title='bbox 1135 1262 1236 1350; x_wconf 86' lang='grc' dir='ltr'><em>ἔργον</em></span> <span class='ocrx_word' id='word_1_83' title='bbox 1261 1278 1354 1332; x_wconf 77' lang='grc' dir='ltr'><em>ποιεί</em></span> <span class='ocrx_word' id='word_1_84' title='bbox 1376 1256 1523 1349; x_wconf 90' lang='grc' dir='ltr'><em>ἀγαθόν·</em></span> <span class='ocrx_word' id='word_1_85' title='bbox 1553 1265 1582 1330; x_wconf 92' lang='grc' dir='ltr'><em>εί</em></span> <span class='ocrx_word' id='word_1_86' title='bbox 1608 1265 1653 1344; x_wconf 80' lang='grc' dir='ltr'><em>δέ,</em></span> 
     </span>
     <span class='ocr_line' id='line_1_9' title="bbox 354 1353 1656 1449; baseline -0.001 -20"><span class='ocrx_word' id='word_1_87' title='bbox 354 1365 480 1431; x_wconf 85' lang='grc' dir='ltr'><em>τοῦτον</em></span> <span class='ocrx_word' id='word_1_88' title='bbox 500 1361 712 1446; x_wconf 78' lang='grc' dir='ltr'><em>καταλιπών,</em></span> <span class='ocrx_word' id='word_1_89' title='bbox 735 1360 799 1433; x_wconf 86' lang='grc' dir='ltr'><em>τόν</em></span> <span class='ocrx_word' id='word_1_90' title='bbox 814 1358 876 1432; x_wconf 88' lang='grc' dir='ltr'><em>ούκ</em></span> <span class='ocrx_word' id='word_1_91' title='bbox 898 1353 984 1431; x_wconf 87' lang='grc' dir='ltr'><em>ὄντα</em></span> <span class='ocrx_word' id='word_1_92' title='bbox 999 1365 1085 1444; x_wconf 86' lang='grc' dir='ltr'><em>σέβει</em></span> <span class='ocrx_word' id='word_1_93' title='bbox 1106 1368 1162 1432; x_wconf 84' lang='grc' dir='ltr'><em>καί</em></span> <span class='ocrx_word' id='word_1_94' title='bbox 1176 1359 1241 1449; x_wconf 84' lang='grc' dir='ltr'><em>τὴν</em></span> <span class='ocrx_word' id='word_1_95' title='bbox 1258 1366 1322 1431; x_wconf 86' lang='grc' dir='ltr'><em>τοῦ</em></span> <span class='ocrx_word' id='word_1_96' title='bbox 1335 1367 1532 1447; x_wconf 87' lang='grc' dir='ltr'><em>κρείττονος</em></span> <span class='ocrx_word' id='word_1_97' title='bbox 1554 1358 1656 1448; x_wconf 85' lang='grc' dir='ltr'><em>τιμὴν</em></span> 
     </span>
     <span class='ocr_line' id='line_1_10' title="bbox 353 1455 1654 1550; baseline 0.001 -21"><span class='ocrx_word' id='word_1_98' title='bbox 353 1455 375 1548; x_wconf 80' lang='grc' dir='ltr'><em>ἢ</em></span> <span class='ocrx_word' id='word_1_99' title='bbox 397 1458 511 1545; x_wconf 82' lang='grc' dir='ltr'><em>ξύλοις</em></span> <span class='ocrx_word' id='word_1_100' title='bbox 532 1456 553 1550; x_wconf 78' lang='grc' dir='ltr'><em>ἢ</em></span> <span class='ocrx_word' id='word_1_101' title='bbox 575 1468 687 1544; x_wconf 80' lang='grc' dir='ltr'><em>λίθοις</em></span> <span class='ocrx_word' id='word_1_102' title='bbox 705 1457 917 1548; x_wconf 80' lang='grc' dir='ltr'><em>προσάπτειν</em></span> <span class='ocrx_word' id='word_1_103' title='bbox 931 1464 1051 1544; x_wconf 82' lang='grc' dir='ltr'><em>ἐθέλει,</em></span> <span class='ocrx_word' id='word_1_104' title='bbox 1073 1459 1180 1532; x_wconf 88' lang='grc' dir='ltr'><em>κακόν</em></span> <span class='ocrx_word' id='word_1_105' title='bbox 1194 1455 1344 1547; x_wconf 85' lang='grc' dir='ltr'><em>πράττει.</em></span> <span class='ocrx_word' id='word_1_106' title='bbox 1378 1459 1490 1530; x_wconf 83' lang='grc' dir='ltr'><em>καὶτὸ</em></span> <span class='ocrx_word' id='word_1_107' title='bbox 1512 1465 1573 1548; x_wconf 77' lang='grc' dir='ltr'><em>μὲν</em></span> <span class='ocrx_word' id='word_1_108' title='bbox 1593 1465 1654 1549; x_wconf 83' lang='grc' dir='ltr'><em>τῆς</em></span> 
     </span>
     <span class='ocr_line' id='line_1_11' title="bbox 303 1554 1654 1650; baseline 0.005 -28"><span class='ocrx_word' id='word_1_109' title='bbox 303 1570 337 1625; x_wconf 90' lang='grc'><em>10</em></span> <span class='ocrx_word' id='word_1_110' title='bbox 353 1566 543 1642; x_wconf 79' lang='grc' dir='ltr'><em>θεοσεβείας</em></span> <span class='ocrx_word' id='word_1_111' title='bbox 564 1554 672 1650; x_wconf 83' lang='grc' dir='ltr'><em>ὄνομα</em></span> <span class='ocrx_word' id='word_1_112' title='bbox 695 1559 735 1631; x_wconf 89' lang='grc' dir='ltr'><em>τό</em></span> <span class='ocrx_word' id='word_1_113' title='bbox 759 1556 857 1643; x_wconf 84' lang='grc' dir='ltr'><em>αύτό,</em></span> <span class='ocrx_word' id='word_1_114' title='bbox 885 1554 905 1630; x_wconf 91' lang='grc' dir='ltr'><em>ό</em></span> <span class='ocrx_word' id='word_1_115' title='bbox 926 1564 963 1629; x_wconf 79' lang='grc' dir='ltr'><em>δὲ</em></span> <span class='ocrx_word' id='word_1_116' title='bbox 985 1566 1047 1648; x_wconf 82' lang='grc' dir='ltr'><em>τῆς</em></span> <span class='ocrx_word' id='word_1_117' title='bbox 1070 1557 1220 1650; x_wconf 83' lang='grc' dir='ltr'><em>χρήσεως</em></span> <span class='ocrx_word' id='word_1_118' title='bbox 1246 1555 1374 1646; x_wconf 85' lang='grc' dir='ltr'><em>τρόπος</em></span> <span class='ocrx_word' id='word_1_119' title='bbox 1396 1556 1590 1630; x_wconf 81' lang='grc' dir='ltr'><em>ίναλλάσσει</em></span> <span class='ocrx_word' id='word_1_120' title='bbox 1612 1557 1654 1629; x_wconf 88' lang='grc' dir='ltr'><em>τό</em></span> 
     </span>
     <span class='ocr_line' id='line_1_12' title="bbox 352 1654 537 1746; baseline 0.005 -18"><span class='ocrx_word' id='word_1_121' title='bbox 352 1654 537 1746; x_wconf 88' lang='grc' dir='ltr'><em>γινόμενον.</em></span> 
     </span>
     <span class='ocr_line' id='line_1_13' title="bbox 436 1753 1654 1848; baseline 0 -21"><span class='ocrx_word' id='word_1_122' title='bbox 436 1764 496 1827; x_wconf 85' lang='grc' dir='ltr'><em>ΔΡ.</em></span> <span class='ocrx_word' id='word_1_123' title='bbox 531 1754 620 1828; x_wconf 75' lang='grc' dir='ltr'><em>Ἐπεὶ</em></span> <span class='ocrx_word' id='word_1_124' title='bbox 642 1766 759 1828; x_wconf 93' lang='grc' dir='ltr'><em>τοίνυν</em></span> <span class='ocrx_word' id='word_1_125' title='bbox 773 1766 851 1848; x_wconf 84' lang='grc' dir='ltr'><em>περὶ</em></span> <span class='ocrx_word' id='word_1_126' title='bbox 872 1766 946 1830; x_wconf 84' lang='grc' dir='ltr'><em>των</em></span> <span class='ocrx_word' id='word_1_127' title='bbox 959 1764 1076 1828; x_wconf 80' lang='grc' dir='ltr'><em>κακῶν</em></span> <span class='ocrx_word' id='word_1_128' title='bbox 1091 1753 1240 1845; x_wconf 80' lang='grc' dir='ltr'><em>ἐποιήσω</em></span> <span class='ocrx_word' id='word_1_129' title='bbox 1263 1754 1326 1828; x_wconf 87' lang='grc' dir='ltr'><em>τὸν</em></span> <span class='ocrx_word' id='word_1_130' title='bbox 1348 1753 1461 1844; x_wconf 79' lang='grc' dir='ltr'><em>λόγον,</em></span> <span class='ocrx_word' id='word_1_131' title='bbox 1484 1755 1654 1829; x_wconf 77' lang='grc' dir='ltr'><em>δεικνύναι</em></span> 
     </span>
     <span class='ocr_line' id='line_1_14' title="bbox 319 1851 1654 1944; baseline -0.001 -17"><span class='ocrx_word' id='word_1_132' title='bbox 319 1853 558 1944; x_wconf 76' lang='grc' dir='ltr'><em>σβσυλόμενος</em></span> <span class='ocrx_word' id='word_1_133' title='bbox 585 1853 633 1938; x_wconf 85' lang='grc' dir='ltr'><em>σός</em></span> <span class='ocrx_word' id='word_1_134' title='bbox 660 1859 731 1927; x_wconf 83' lang='grc' dir='ltr'><em>ἔστι</em></span> <span class='ocrx_word' id='word_1_135' title='bbox 759 1857 801 1928; x_wconf 85' lang='grc' dir='ltr'><em>τά</em></span> <span class='ocrx_word' id='word_1_136' title='bbox 827 1855 928 1940; x_wconf 87' lang='grc' dir='ltr'><em>κακά,</em></span> <span class='ocrx_word' id='word_1_137' title='bbox 959 1864 1015 1927; x_wconf 86' lang='grc' dir='ltr'><em>καὶ</em></span> <span class='ocrx_word' id='word_1_138' title='bbox 1037 1851 1091 1927; x_wconf 85' lang='grc' dir='ltr'><em>ότι</em></span> <span class='ocrx_word' id='word_1_139' title='bbox 1114 1854 1251 1928; x_wconf 90' lang='grc' dir='ltr'><em>τούτων</em></span> <span class='ocrx_word' id='word_1_140' title='bbox 1273 1859 1305 1926; x_wconf 84' lang='grc' dir='ltr'><em>οἱ</em></span> <span class='ocrx_word' id='word_1_141' title='bbox 1331 1855 1510 1942; x_wconf 79' lang='grc' dir='ltr'><em>ἄνθρωποι</em></span> <span class='ocrx_word' id='word_1_142' title='bbox 1534 1853 1654 1944; x_wconf 84' lang='grc' dir='ltr'><em>τυγγά-</em></span> 
     </span>
     <span class='ocr_line' id='line_1_15' title="bbox 353 1952 1653 2045; baseline 0 -19"><span class='ocrx_word' id='word_1_143' title='bbox 353 1979 447 2027; x_wconf 93' lang='grc' dir='ltr'><em>νουσι</em></span> <span class='ocrx_word' id='word_1_144' title='bbox 472 1963 625 2045; x_wconf 80' lang='grc' dir='ltr'><em>ποιηταί,</em></span> <span class='ocrx_word' id='word_1_145' title='bbox 656 1954 760 2044; x_wconf 86' lang='grc' dir='ltr'><em>βραχύ</em></span> <span class='ocrx_word' id='word_1_146' title='bbox 787 1985 821 2028; x_wconf 94' lang='grc' dir='ltr'><em>τι</em></span> <span class='ocrx_word' id='word_1_147' title='bbox 847 1952 952 2026; x_wconf 88' lang='grc' dir='ltr'><em>πάλιν</em></span> <span class='ocrx_word' id='word_1_148' title='bbox 978 1961 1149 2028; x_wconf 83' lang='grc' dir='ltr'><em>πυθέσθαι</em></span> <span class='ocrx_word' id='word_1_149' title='bbox 1173 1956 1336 2042; x_wconf 90' lang='grc' dir='ltr'><em>βούλομαι</em></span> <span class='ocrx_word' id='word_1_150' title='bbox 1361 1953 1511 2043; x_wconf 88' lang='grc' dir='ltr'><em>πότερον</em></span> <span class='ocrx_word' id='word_1_151' title='bbox 1538 1959 1570 2027; x_wconf 87' lang='grc' dir='ltr'><em>οί</em></span> <span class='ocrx_word' id='word_1_152' title='bbox 1597 1955 1653 2026; x_wconf 84' lang='grc' dir='ltr'><em>ἀν-</em></span> 
     </span>
     <span class='ocr_line' id='line_1_16' title="bbox 301 2051 1653 2145; baseline 0.002 -23"><span class='ocrx_word' id='word_1_153' title='bbox 301 2067 335 2120; x_wconf 80' lang='lat'><em>15</em></span> <span class='ocrx_word' id='word_1_154' title='bbox 351 2065 490 2143; x_wconf 87' lang='grc' dir='ltr'><em>θρωποι</em></span> <span class='ocrx_word' id='word_1_155' title='bbox 505 2055 570 2145; x_wconf 85' lang='grc' dir='ltr'><em>τὴν</em></span> <span class='ocrx_word' id='word_1_156' title='bbox 585 2051 743 2144; x_wconf 82' lang='grc' dir='ltr'><em>ἀφορμὴν</em></span> <span class='ocrx_word' id='word_1_157' title='bbox 758 2052 815 2142; x_wconf 81' lang='grc' dir='ltr'><em>ἀφ’</em></span> <span class='ocrx_word' id='word_1_158' title='bbox 831 2056 964 2126; x_wconf 78' lang='grc' dir='ltr'><em>ἑαυτῶν</em></span> <span class='ocrx_word' id='word_1_159' title='bbox 980 2051 1208 2144; x_wconf 87' lang='grc' dir='ltr'><em>λαμβάνοντες</em></span> <span class='ocrx_word' id='word_1_160' title='bbox 1223 2059 1341 2143; x_wconf 80' lang='grc' dir='ltr'><em>έχουσι,</em></span> <span class='ocrx_word' id='word_1_161' title='bbox 1360 2060 1539 2127; x_wconf 77' lang='grc' dir='ltr'><em>τουτέστιν</em></span> <span class='ocrx_word' id='word_1_162' title='bbox 1555 2051 1653 2126; x_wconf 83' lang='grc' dir='ltr'><em>αύτοὶ</em></span> 
     </span>
     <span class='ocr_line' id='line_1_17' title="bbox 352 2150 1652 2244; baseline 0.002 -21"><span class='ocrx_word' id='word_1_163' title='bbox 352 2159 413 2242; x_wconf 85' lang='grc' dir='ltr'><em>τῆς</em></span> <span class='ocrx_word' id='word_1_164' title='bbox 434 2153 593 2244; x_wconf 77' lang='grc' dir='ltr'><em>τοιαύτης</em></span> <span class='ocrx_word' id='word_1_165' title='bbox 613 2153 763 2244; x_wconf 88' lang='grc' dir='ltr'><em>χρήσεως</em></span> <span class='ocrx_word' id='word_1_166' title='bbox 784 2152 915 2242; x_wconf 85' lang='grc' dir='ltr'><em>εύρεταὶ</em></span> <span class='ocrx_word' id='word_1_167' title='bbox 937 2153 1124 2244; x_wconf 86' lang='grc' dir='ltr'><em>γενόμενοι,</em></span> <span class='ocrx_word' id='word_1_168' title='bbox 1149 2150 1170 2241; x_wconf 80' lang='grc' dir='ltr'><em>ἢ</em></span> <span class='ocrx_word' id='word_1_169' title='bbox 1192 2161 1345 2227; x_wconf 81' lang='grc' dir='ltr'><em>τοιοῦτοι</em></span> <span class='ocrx_word' id='word_1_170' title='bbox 1365 2150 1434 2226; x_wconf 87' lang='grc' dir='ltr'><em>ύπό</em></span> <span class='ocrx_word' id='word_1_171' title='bbox 1455 2161 1541 2226; x_wconf 86' lang='grc' dir='ltr'><em>θεοῦ</em></span> <span class='ocrx_word' id='word_1_172' title='bbox 1561 2153 1652 2244; x_wconf 89' lang='grc' dir='ltr'><em>γεγό-</em></span> 
     </span>
     <span class='ocr_line' id='line_1_18' title="bbox 353 2246 1652 2343; baseline 0.002 -21"><span class='ocrx_word' id='word_1_173' title='bbox 353 2277 457 2337; x_wconf 78' lang='grc' dir='ltr'><em>νασιν,</em></span> <span class='ocrx_word' id='word_1_174' title='bbox 478 2249 500 2341; x_wconf 76' lang='grc' dir='ltr'><em>ἢ</em></span> <span class='ocrx_word' id='word_1_175' title='bbox 522 2246 564 2325; x_wconf 84' lang='grc' dir='ltr'><em>αύ</em></span> <span class='ocrx_word' id='word_1_176' title='bbox 585 2252 689 2326; x_wconf 86' lang='grc' dir='ltr'><em>πάλιν</em></span> <span class='ocrx_word' id='word_1_177' title='bbox 711 2251 825 2342; x_wconf 79' lang='grc' dir='ltr'><em>ίτερός</em></span> <span class='ocrx_word' id='word_1_178' title='bbox 847 2283 899 2336; x_wconf 93' lang='grc' dir='ltr'><em>τις</em></span> <span class='ocrx_word' id='word_1_179' title='bbox 920 2250 1061 2343; x_wconf 87' lang='grc' dir='ltr'><em>ύπάρχει</em></span> <span class='ocrx_word' id='word_1_180' title='bbox 1083 2248 1101 2324; x_wconf 89' lang='grc' dir='ltr'><em>ό</em></span> <span class='ocrx_word' id='word_1_181' title='bbox 1124 2259 1170 2337; x_wconf 87' lang='grc' dir='ltr'><em>είς</em></span> <span class='ocrx_word' id='word_1_182' title='bbox 1189 2253 1388 2326; x_wconf 82' lang='grc' dir='ltr'><em>τὰτοιαῦτα</em></span> <span class='ocrx_word' id='word_1_183' title='bbox 1410 2254 1492 2338; x_wconf 86' lang='grc' dir='ltr'><em>τούς</em></span> <span class='ocrx_word' id='word_1_184' title='bbox 1515 2251 1652 2342; x_wconf 80' lang='grc' dir='ltr'><em>ἀνθρύ-</em></span> 
     </span>
     <span class='ocr_line' id='line_1_19' title="bbox 350 2379 653 2442; baseline 0.013 -22"><span class='ocrx_word' id='word_1_185' title='bbox 350 2379 436 2435; x_wconf 92' lang='grc' dir='ltr'><em>πους</em></span> <span class='ocrx_word' id='word_1_186' title='bbox 457 2381 653 2442; x_wconf 89' lang='grc' dir='ltr'><em>παρορμων.</em></span> 
     </span>
     <span class='ocr_line' id='line_1_20' title="bbox 434 2449 1651 2543; baseline 0.001 -23"><span class='ocrx_word' id='word_1_187' title='bbox 434 2457 500 2521; x_wconf 86' lang='grc' dir='ltr'><em>ΑΛ.</em></span> <span class='ocrx_word' id='word_1_188' title='bbox 541 2449 622 2524; x_wconf 73' lang='grc' dir='ltr'><em>Ὑπὸ</em></span> <span class='ocrx_word' id='word_1_189' title='bbox 647 2459 708 2543; x_wconf 79' lang='grc' dir='ltr'><em>μέν</em></span> <span class='ocrx_word' id='word_1_190' title='bbox 734 2459 797 2524; x_wconf 87' lang='grc' dir='ltr'><em>τοῦ</em></span> <span class='ocrx_word' id='word_1_191' title='bbox 823 2458 909 2525; x_wconf 85' lang='grc' dir='ltr'><em>θεοῦ</em></span> <span class='ocrx_word' id='word_1_192' title='bbox 934 2452 1015 2536; x_wconf 88' lang='grc' dir='ltr'><em>τούς</em></span> <span class='ocrx_word' id='word_1_193' title='bbox 1041 2450 1247 2540; x_wconf 80' lang='grc' dir='ltr'><em>ἀνθρώπους</em></span> <span class='ocrx_word' id='word_1_194' title='bbox 1272 2451 1450 2535; x_wconf 87' lang='grc' dir='ltr'><em>τοιούτους</em></span> <span class='ocrx_word' id='word_1_195' title='bbox 1480 2457 1651 2542; x_wconf 79' lang='grc' dir='ltr'><em>γεγονέναι</em></span> 
     </span>
     <span class='ocr_line' id='line_1_21' title="bbox 299 2543 1650 2642; baseline 0.004 -24"><span class='ocrx_word' id='word_1_196' title='bbox 299 2560 333 2616; x_wconf 81' lang='grc'><em>20</em></span> <span class='ocrx_word' id='word_1_197' title='bbox 351 2543 392 2621; x_wconf 92' lang='grc' dir='ltr'><em>ού</em></span> <span class='ocrx_word' id='word_1_198' title='bbox 418 2579 516 2640; x_wconf 82' lang='grc' dir='ltr'><em>φημι,</em></span> <span class='ocrx_word' id='word_1_199' title='bbox 545 2549 762 2639; x_wconf 76' lang='grc' dir='ltr'><em>αὐτεξούσιον</em></span> <span class='ocrx_word' id='word_1_200' title='bbox 789 2559 825 2624; x_wconf 76' lang='grc' dir='ltr'><em>δὲ</em></span> <span class='ocrx_word' id='word_1_201' title='bbox 851 2551 914 2623; x_wconf 88' lang='grc' dir='ltr'><em>τόν</em></span> <span class='ocrx_word' id='word_1_202' title='bbox 936 2551 1127 2639; x_wconf 83' lang='grc' dir='ltr'><em>ἄνθρωπον</em></span> <span class='ocrx_word' id='word_1_203' title='bbox 1149 2557 1250 2641; x_wconf 80' lang='grc' dir='ltr'><em>λέγω,</em></span> <span class='ocrx_word' id='word_1_204' title='bbox 1278 2559 1383 2623; x_wconf 85' lang='grc' dir='ltr'><em>τοῦτο</em></span> <span class='ocrx_word' id='word_1_205' title='bbox 1405 2558 1562 2642; x_wconf 87' lang='grc' dir='ltr'><em>μέγιστον</em></span> <span class='ocrx_word' id='word_1_206' title='bbox 1581 2548 1650 2624; x_wconf 88' lang='grc' dir='ltr'><em>ύπό</em></span> 
     </span>
     <span class='ocr_line' id='line_1_22' title="bbox 350 2645 1650 2742; baseline 0.001 -22"><span class='ocrx_word' id='word_1_207' title='bbox 350 2657 446 2721; x_wconf 76' lang='grc' dir='ltr'><em>θεοῦΙ</em></span> <span class='ocrx_word' id='word_1_208' title='bbox 460 2659 653 2739; x_wconf 84' lang='grc' dir='ltr'><em>κεχαρίσθαι</em></span> <span class='ocrx_word' id='word_1_209' title='bbox 674 2657 785 2740; x_wconf 87' lang='grc' dir='ltr'><em>λέγων</em></span> <span class='ocrx_word' id='word_1_210' title='bbox 807 2647 911 2742; x_wconf 82' lang='grc' dir='ltr'><em>αύτῷ,</em></span> <span class='ocrx_word' id='word_1_211' title='bbox 938 2645 1007 2740; x_wconf 86' lang='grc' dir='ltr'><em>(ότι</em></span> <span class='ocrx_word' id='word_1_212' title='bbox 1033 2651 1076 2722; x_wconf 87' lang='grc' dir='ltr'><em>τὰ</em></span> <span class='ocrx_word' id='word_1_213' title='bbox 1097 2657 1158 2739; x_wconf 82' lang='grc' dir='ltr'><em>μὲν</em></span> <span class='ocrx_word' id='word_1_214' title='bbox 1181 2650 1269 2722; x_wconf 88' lang='grc' dir='ltr'><em>ἀλλα</em></span> <span class='ocrx_word' id='word_1_215' title='bbox 1286 2649 1401 2722; x_wconf 91' lang='grc' dir='ltr'><em>πάντα</em></span> <span class='ocrx_word' id='word_1_216' title='bbox 1423 2649 1551 2742; x_wconf 89' lang='grc' dir='ltr'><em>ἀνάγκη</em></span> <span class='ocrx_word' id='word_1_217' title='bbox 1574 2658 1650 2723; x_wconf 90' lang='grc' dir='ltr'><em>δου-</em></span> 
     </span>
     <span class='ocr_line' id='line_1_23' title="bbox 313 2747 1650 2841; baseline 0 -21"><span class='ocrx_word' id='word_1_218' title='bbox 313 2757 331 2813; x_wconf 80' lang='lat' dir='ltr'>d</span> <span class='ocrx_word' id='word_1_219' title='bbox 351 2750 437 2821; x_wconf 87' lang='grc' dir='ltr'><em>λεύει</em></span> <span class='ocrx_word' id='word_1_220' title='bbox 451 2759 503 2841; x_wconf 85' lang='grc' dir='ltr'><em>τῷ</em></span> <span class='ocrx_word' id='word_1_221' title='bbox 520 2759 606 2841; x_wconf 84' lang='grc' dir='ltr'><em>θείῳ</em></span> <span class='ocrx_word' id='word_1_222' title='bbox 620 2748 868 2841; x_wconf 79' lang='grc' dir='ltr'><em>προστάγματι·</em></span> <span class='ocrx_word' id='word_1_223' title='bbox 890 2749 950 2822; x_wconf 71' lang='grc' dir='ltr'><em>ἐάν</em></span> <span class='ocrx_word' id='word_1_224' title='bbox 965 2779 1003 2822; x_wconf 89' lang='grc' dir='ltr'><em>τε</em></span> <span class='ocrx_word' id='word_1_225' title='bbox 1022 2750 1085 2841; x_wconf 84' lang='grc' dir='ltr'><em>γὰρ</em></span> <span class='ocrx_word' id='word_1_226' title='bbox 1099 2747 1246 2837; x_wconf 85' lang='grc' dir='ltr'><em>ούρανόν</em></span> <span class='ocrx_word' id='word_1_227' title='bbox 1265 2755 1370 2838; x_wconf 76' lang='grc' dir='ltr'><em>εἴπης,</em></span> <span class='ocrx_word' id='word_1_228' title='bbox 1393 2751 1509 2840; x_wconf 77' lang='grc' dir='ltr'><em>ἕστηκε</em></span> <span class='ocrx_word' id='word_1_229' title='bbox 1532 2757 1650 2838; x_wconf 84' lang='grc' dir='ltr'><em>φέρων</em></span> 
     </span>
     <span class='ocr_line' id='line_1_24' title="bbox 351 2847 1648 2940; baseline 0 -20"><span class='ocrx_word' id='word_1_230' title='bbox 351 2850 413 2922; x_wconf 90' lang='grc' dir='ltr'><em>τὸν</em></span> <span class='ocrx_word' id='word_1_231' title='bbox 435 2847 613 2940; x_wconf 81' lang='grc' dir='ltr'><em>δεσπότην,</em></span> <span class='ocrx_word' id='word_1_232' title='bbox 636 2847 677 2922; x_wconf 86' lang='grc' dir='ltr'><em>ού</em></span> <span class='ocrx_word' id='word_1_233' title='bbox 697 2849 978 2940; x_wconf 82' lang='grc' dir='ltr'><em>μετακινούμενος</em></span> <span class='ocrx_word' id='word_1_234' title='bbox 1000 2856 1064 2922; x_wconf 84' lang='grc' dir='ltr'><em>τοῦ</em></span> <span class='ocrx_word' id='word_1_235' title='bbox 1086 2847 1271 2938; x_wconf 72' lang='grc' dir='ltr'><em>σόρισμένσυ</em></span> <span class='ocrx_word' id='word_1_236' title='bbox 1294 2847 1416 2934; x_wconf 82' lang='grc' dir='ltr'><em>τόπου,</em></span> <span class='ocrx_word' id='word_1_237' title='bbox 1438 2856 1492 2920; x_wconf 85' lang='grc' dir='ltr'><em>καί</em></span> <span class='ocrx_word' id='word_1_238' title='bbox 1508 2849 1648 2935; x_wconf 82' lang='grc' dir='ltr'><em>ἐὰν-[τε]</em></span> 
     </span>
     <span class='ocr_line' id='line_1_25' title="bbox 349 2941 1650 3039; baseline -0.001 -20"><span class='ocrx_word' id='word_1_239' title='bbox 349 2958 426 3037; x_wconf 88' lang='grc' dir='ltr'><em>περί</em></span> <span class='ocrx_word' id='word_1_240' title='bbox 448 2946 545 3039; x_wconf 78' lang='grc' dir='ltr'><em>ἡλίου</em></span> <span class='ocrx_word' id='word_1_241' title='bbox 566 2950 629 3022; x_wconf 90' lang='grc' dir='ltr'><em>τὸν</em></span> <span class='ocrx_word' id='word_1_242' title='bbox 650 2947 755 3038; x_wconf 88' lang='grc' dir='ltr'><em>λόγον</em></span> <span class='ocrx_word' id='word_1_243' title='bbox 775 2961 948 3023; x_wconf 81' lang='grc' dir='ltr'><em>ποιεῖσθαι</em></span> <span class='ocrx_word' id='word_1_244' title='bbox 970 2955 1082 3037; x_wconf 67' lang='grc' dir='ltr'><em>θέλῃς,</em></span> <span class='ocrx_word' id='word_1_245' title='bbox 1105 2953 1235 3022; x_wconf 80' lang='grc' dir='ltr'><em>ίκτελει</em></span> <span class='ocrx_word' id='word_1_246' title='bbox 1254 2941 1356 3031; x_wconf 79' lang='grc' dir='ltr'><em>οὗτος</em></span> <span class='ocrx_word' id='word_1_247' title='bbox 1377 2948 1443 3038; x_wconf 82' lang='grc' dir='ltr'><em>τὴν</em></span> <span class='ocrx_word' id='word_1_248' title='bbox 1458 2947 1650 3039; x_wconf 85' lang='grc' dir='ltr'><em>ιδρισμένην</em></span> 
     </span>
     <span class='ocr_line' id='line_1_26' title="bbox 297 3045 1650 3140; baseline 0.004 -26"><span class='ocrx_word' id='word_1_249' title='bbox 297 3059 332 3114; x_wconf 79' lang='lat'><em>25</em></span> <span class='ocrx_word' id='word_1_250' title='bbox 348 3057 479 3138; x_wconf 88' lang='grc' dir='ltr'><em>κίνησιν</em></span> <span class='ocrx_word' id='word_1_251' title='bbox 505 3046 547 3122; x_wconf 88' lang='grc' dir='ltr'><em>ού</em></span> <span class='ocrx_word' id='word_1_252' title='bbox 571 3048 839 3138; x_wconf 88' lang='grc' dir='ltr'><em>παραιτούμενος</em></span> <span class='ocrx_word' id='word_1_253' title='bbox 865 3049 929 3121; x_wconf 90' lang='grc' dir='ltr'><em>τὸν</em></span> <span class='ocrx_word' id='word_1_254' title='bbox 955 3046 1097 3140; x_wconf 82' lang='grc' dir='ltr'><em>δρόμον,</em></span> <span class='ocrx_word' id='word_1_255' title='bbox 1128 3045 1201 3121; x_wconf 78' lang='grc' dir='ltr'><em>ἀλλ’</em></span> <span class='ocrx_word' id='word_1_256' title='bbox 1228 3045 1356 3138; x_wconf 85' lang='grc' dir='ltr'><em>ἀνάγκη</em></span> <span class='ocrx_word' id='word_1_257' title='bbox 1384 3057 1450 3120; x_wconf 86' lang='grc' dir='ltr'><em>τινί</em></span> <span class='ocrx_word' id='word_1_258' title='bbox 1475 3047 1650 3121; x_wconf 84' lang='grc' dir='ltr'><em>δουλεύων</em></span> 
     </span>
     <span class='ocr_line' id='line_1_27' title="bbox 349 3143 1649 3241; baseline -0.002 -22"><span class='ocrx_word' id='word_1_259' title='bbox 349 3157 399 3239; x_wconf 79' lang='grc' dir='ltr'><em>τῷ</em></span> <span class='ocrx_word' id='word_1_260' title='bbox 422 3147 579 3236; x_wconf 80' lang='grc' dir='ltr'><em>δεσπότῃ,</em></span> <span class='ocrx_word' id='word_1_261' title='bbox 601 3155 656 3220; x_wconf 82' lang='grc' dir='ltr'><em>καὶ</em></span> <span class='ocrx_word' id='word_1_262' title='bbox 678 3155 741 3238; x_wconf 83' lang='grc' dir='ltr'><em>γῆν</em></span> <span class='ocrx_word' id='word_1_263' title='bbox 762 3143 889 3238; x_wconf 86' lang='grc' dir='ltr'><em>δμοίως</em></span> <span class='ocrx_word' id='word_1_264' title='bbox 903 3167 1093 3238; x_wconf 81' lang='grc' dir='ltr'><em>πεπηγυῖαν</em></span> <span class='ocrx_word' id='word_1_265' title='bbox 1115 3144 1196 3241; x_wconf 78' lang='grc' dir='ltr'><em>όρζις</em></span> <span class='ocrx_word' id='word_1_266' title='bbox 1216 3155 1272 3220; x_wconf 82' lang='grc' dir='ltr'><em>καὶ</em></span> <span class='ocrx_word' id='word_1_267' title='bbox 1295 3155 1465 3238; x_wconf 90' lang='grc' dir='ltr'><em>φέρουσαν</em></span> <span class='ocrx_word' id='word_1_268' title='bbox 1486 3147 1527 3218; x_wconf 90' lang='grc' dir='ltr'><em>τό</em></span> <span class='ocrx_word' id='word_1_269' title='bbox 1549 3145 1649 3235; x_wconf 90' lang='grc' dir='ltr'><em>πρός-</em></span> 
     </span>
     <span class='ocr_line' id='line_1_28' title="bbox 347 3243 1648 3338; baseline -0.002 -18"><span class='ocrx_word' id='word_1_270' title='bbox 347 3277 456 3338; x_wconf 89' lang='grc' dir='ltr'><em>ταγμα</em></span> <span class='ocrx_word' id='word_1_271' title='bbox 482 3257 546 3320; x_wconf 86' lang='grc' dir='ltr'><em>τού</em></span> <span class='ocrx_word' id='word_1_272' title='bbox 570 3243 818 3329; x_wconf 89' lang='grc' dir='ltr'><em>κεκελευκότος·</em></span> <span class='ocrx_word' id='word_1_273' title='bbox 849 3243 976 3337; x_wconf 88' lang='grc' dir='ltr'><em>δμοίως</em></span> <span class='ocrx_word' id='word_1_274' title='bbox 1005 3255 1040 3320; x_wconf 74' lang='grc' dir='ltr'><em>δὲ</em></span> <span class='ocrx_word' id='word_1_275' title='bbox 1071 3254 1127 3320; x_wconf 87' lang='grc' dir='ltr'><em>καί</em></span> <span class='ocrx_word' id='word_1_276' title='bbox 1159 3247 1202 3318; x_wconf 83' lang='grc' dir='ltr'><em>τὰ</em></span> <span class='ocrx_word' id='word_1_277' title='bbox 1229 3246 1315 3318; x_wconf 83' lang='grc' dir='ltr'><em>ἄλλα</em></span> <span class='ocrx_word' id='word_1_278' title='bbox 1341 3244 1470 3334; x_wconf 87' lang='grc' dir='ltr'><em>ἀνάγκη</em></span> <span class='ocrx_word' id='word_1_279' title='bbox 1497 3247 1648 3320; x_wconf 87' lang='grc' dir='ltr'><em>δουλεύει</em></span> 
     </span>
     <span class='ocr_line' id='line_1_29' title="bbox 347 3341 1647 3438; baseline -0.002 -20"><span class='ocrx_word' id='word_1_280' title='bbox 347 3355 397 3438; x_wconf 81' lang='grc' dir='ltr'><em>τῷ</em></span> <span class='ocrx_word' id='word_1_281' title='bbox 424 3344 639 3438; x_wconf 80' lang='grc' dir='ltr'><em>πεποιηκότι,</em></span> <span class='ocrx_word' id='word_1_282' title='bbox 671 3344 742 3419; x_wconf 76' lang='grc' dir='ltr'><em>οὐδ’</em></span> <span class='ocrx_word' id='word_1_283' title='bbox 770 3343 940 3436; x_wconf 88' lang='grc' dir='ltr'><em>ὁπότερον</em></span> <span class='ocrx_word' id='word_1_284' title='bbox 966 3345 1083 3418; x_wconf 77' lang='grc' dir='ltr'><em>αὐτῶν</em></span> <span class='ocrx_word' id='word_1_285' title='bbox 1109 3343 1297 3434; x_wconf 89' lang='grc' dir='ltr'><em>δυνάμενον</em></span> <span class='ocrx_word' id='word_1_286' title='bbox 1324 3343 1440 3434; x_wconf 68' lang='grc' dir='ltr'><em>ἕτερόν</em></span> <span class='ocrx_word' id='word_1_287' title='bbox 1466 3377 1500 3417; x_wconf 93' lang='grc' dir='ltr'><em>τι</em></span> <span class='ocrx_word' id='word_1_288' title='bbox 1526 3341 1647 3436; x_wconf 78' lang='grc' dir='ltr'><em>παρ’ό</em></span> 
     </span>
     <span class='ocr_line' id='line_1_30' title="bbox 345 3439 1648 3537; baseline -0.003 -19"><span class='ocrx_word' id='word_1_289' title='bbox 345 3441 429 3530; x_wconf 85' lang='grc' dir='ltr'><em>είςό</em></span> <span class='ocrx_word' id='word_1_290' title='bbox 456 3453 573 3537; x_wconf 86' lang='grc' dir='ltr'><em>γέγονε</em></span> <span class='ocrx_word' id='word_1_291' title='bbox 597 3467 722 3520; x_wconf 78' lang='grc' dir='ltr'><em>ποιεῖν·</em></span> <span class='ocrx_word' id='word_1_292' title='bbox 753 3444 871 3537; x_wconf 86' lang='grc' dir='ltr'><em>διόπερ</em></span> <span class='ocrx_word' id='word_1_293' title='bbox 893 3444 955 3518; x_wconf 88' lang='grc' dir='ltr'><em>ούκ</em></span> <span class='ocrx_word' id='word_1_294' title='bbox 978 3453 1180 3537; x_wconf 83' lang='grc' dir='ltr'><em>ἐπαινοῦμεν</em></span> <span class='ocrx_word' id='word_1_295' title='bbox 1206 3452 1314 3518; x_wconf 80' lang='grc' dir='ltr'><em>ταῦτα</em></span> <span class='ocrx_word' id='word_1_296' title='bbox 1341 3439 1435 3518; x_wconf 81' lang='grc' dir='ltr'><em>ούτω</em></span> <span class='ocrx_word' id='word_1_297' title='bbox 1458 3443 1648 3534; x_wconf 88' lang='grc' dir='ltr'><em>πειθόμενα</em></span> 
     </span>
    </p>
   </div>
   <div class='ocr_carea' id='block_1_3' title="bbox 337 3563 1645 4737">
    <p class='ocr_par' dir='ltr' id='par_1_3' title="bbox 337 3563 1645 4737">
     <span class='ocr_line' id='line_1_31' title="bbox 429 3563 1645 3640; baseline -0.002 -16"><span class='ocrx_word' id='word_1_298' title='bbox 429 3568 446 3624; x_wconf 97' lang='grc'><strong>1</strong></span> <span class='ocrx_word' id='word_1_299' title='bbox 465 3570 497 3637; x_wconf 73' lang='grc' dir='ltr'><em>δὴ</em></span> <span class='ocrx_word' id='word_1_300' title='bbox 510 3567 609 3634; x_wconf 79' lang='lat' dir='ltr'>ACEF,</span> <span class='ocrx_word' id='word_1_301' title='bbox 626 3566 657 3624; x_wconf 75' lang='grc' dir='ltr'><em>δὲ</em></span> <span class='ocrx_word' id='word_1_302' title='bbox 674 3568 699 3622; x_wconf 91' lang='lat' dir='ltr'><em>d.</em></span> <span class='ocrx_word' id='word_1_303' title='bbox 712 3568 771 3622; x_wconf 79' lang='lat' dir='ltr'><strong>flbr.</strong></span> <span class='ocrx_word' id='word_1_304' title='bbox 786 3569 791 3636; x_wconf 94' lang='grc' dir='ltr'>Ι</span> <span class='ocrx_word' id='word_1_305' title='bbox 806 3567 839 3623; x_wconf 85' lang='grc' dir='ltr'><em>τὸ</em></span> <span class='ocrx_word' id='word_1_306' title='bbox 851 3569 934 3633; x_wconf 82' lang='lat' dir='ltr'><strong>Jahn,</strong></span> <span class='ocrx_word' id='word_1_307' title='bbox 952 3566 987 3624; x_wconf 84' lang='grc' dir='ltr'><em>τὰ</em></span> <span class='ocrx_word' id='word_1_308' title='bbox 1005 3568 1113 3624; x_wconf 71' lang='grc'><strong>(11188.</strong></span> <span class='ocrx_word' id='word_1_309' title='bbox 1128 3570 1132 3638; x_wconf 97' lang='grc' dir='ltr'>Ι</span> <span class='ocrx_word' id='word_1_310' title='bbox 1148 3569 1166 3624; x_wconf 74' lang='lat'>2</span> <span class='ocrx_word' id='word_1_311' title='bbox 1185 3567 1244 3640; x_wconf 74' lang='grc' dir='ltr'><em>δῷθ</em></span> <span class='ocrx_word' id='word_1_312' title='bbox 1259 3571 1263 3636; x_wconf 92' lang='grc' dir='ltr'>Ι</span> <span class='ocrx_word' id='word_1_313' title='bbox 1278 3566 1297 3622; x_wconf 84' lang='grc'><strong>4</strong></span> <span class='ocrx_word' id='word_1_314' title='bbox 1314 3564 1450 3639; x_wconf 85' lang='grc' dir='ltr'><em>ἀλλότρια</em></span> <span class='ocrx_word' id='word_1_315' title='bbox 1463 3567 1545 3631; x_wconf 80' lang='lat' dir='ltr'>Jahn,</span> <span class='ocrx_word' id='word_1_316' title='bbox 1564 3563 1645 3622; x_wconf 84' lang='grc' dir='ltr'><em>ἀλλό-</em></span> 
     </span>
     <span class='ocr_line' id='line_1_32' title="bbox 344 3643 1645 3724; baseline -0.002 -17"><span class='ocrx_word' id='word_1_317' title='bbox 344 3671 424 3724; x_wconf 87' lang='grc' dir='ltr'><em>τριον</em></span> <span class='ocrx_word' id='word_1_318' title='bbox 437 3653 462 3706; x_wconf 90' lang='lat' dir='ltr'><em>d.</em></span> <span class='ocrx_word' id='word_1_319' title='bbox 472 3652 543 3708; x_wconf 85' lang='lat' dir='ltr'><strong>HSS.</strong></span> <span class='ocrx_word' id='word_1_320' title='bbox 558 3654 562 3720; x_wconf 96' lang='grc' dir='ltr'>Ι</span> <span class='ocrx_word' id='word_1_321' title='bbox 576 3654 593 3709; x_wconf 77' lang='lat'><strong>5</strong></span> <span class='ocrx_word' id='word_1_322' title='bbox 605 3650 695 3708; x_wconf 88' lang='grc' dir='ltr'><em>κακδν</em></span> <span class='ocrx_word' id='word_1_323' title='bbox 707 3653 798 3722; x_wconf 87' lang='grc' dir='ltr'><em>ποιεῖ]</em></span> <span class='ocrx_word' id='word_1_324' title='bbox 811 3653 862 3708; x_wconf 80' lang='lat' dir='ltr'><em>Dio</em></span> <span class='ocrx_word' id='word_1_325' title='bbox 875 3653 942 3707; x_wconf 75' lang='lat' dir='ltr'><strong>slav.</strong></span> <span class='ocrx_word' id='word_1_326' title='bbox 952 3643 1047 3708; x_wconf 75' lang='lat' dir='ltr'><strong>Ubers.</strong></span> <span class='ocrx_word' id='word_1_327' title='bbox 1060 3654 1085 3706; x_wconf 84' lang='lat' dir='ltr'><em>d.</em></span> <span class='ocrx_word' id='word_1_328' title='bbox 1095 3654 1194 3707; x_wconf 58' lang='lat' dir='ltr'>Motha</span> <span class='ocrx_word' id='word_1_329' title='bbox 1214 3652 1322 3706; x_wconf 67' lang='grc' dir='ltr'><em>»ωουλδ</em></span> <span class='ocrx_word' id='word_1_330' title='bbox 1333 3651 1391 3706; x_wconf 77' lang='grc' dir='ltr'><em>δίεν</em></span> <span class='ocrx_word' id='word_1_331' title='bbox 1402 3652 1468 3706; x_wconf 72' lang='grc' dir='ltr'><em>οὔτε</em></span> <span class='ocrx_word' id='word_1_332' title='bbox 1481 3650 1547 3704; x_wconf 80' lang='lat' dir='ltr'>oder</span> <span class='ocrx_word' id='word_1_333' title='bbox 1559 3653 1622 3720; x_wconf 77' lang='lat' dir='ltr'><em>gut«</em></span> <span class='ocrx_word' id='word_1_334' title='bbox 1641 3653 1645 3716; x_wconf 95' lang='grc' dir='ltr'>Ι</span> 
     </span>
     <span class='ocr_line' id='line_1_33' title="bbox 347 3728 1645 3808; baseline -0.002 -17"><span class='ocrx_word' id='word_1_335' title='bbox 347 3740 360 3791; x_wconf 82' lang='grc'><strong>7</strong></span> <span class='ocrx_word' id='word_1_336' title='bbox 382 3736 434 3792; x_wconf 89' lang='grc' dir='ltr'><em>τδν</em></span> <span class='ocrx_word' id='word_1_337' title='bbox 450 3737 531 3803; x_wconf 75' lang='lat' dir='ltr'>Jahn,</span> <span class='ocrx_word' id='word_1_338' title='bbox 549 3747 582 3797; x_wconf 96' lang='lat'>&lt;</span> <span class='ocrx_word' id='word_1_339' title='bbox 600 3736 626 3790; x_wconf 76' lang='grc'><em>(1</em></span> <span class='ocrx_word' id='word_1_340' title='bbox 643 3737 714 3792; x_wconf 83' lang='lat' dir='ltr'>HSS.</span> <span class='ocrx_word' id='word_1_341' title='bbox 730 3738 735 3806; x_wconf 94' lang='grc' dir='ltr'>Ι</span> <span class='ocrx_word' id='word_1_342' title='bbox 751 3737 790 3793; x_wconf 75' lang='grc'><em>18</em></span> <span class='ocrx_word' id='word_1_343' title='bbox 806 3738 855 3791; x_wconf 84' lang='grc' dir='ltr'><em>καί</em></span> <span class='ocrx_word' id='word_1_344' title='bbox 873 3746 906 3796; x_wconf 97' lang='grc'>&lt;</span> <span class='ocrx_word' id='word_1_345' title='bbox 924 3735 946 3790; x_wconf 80' lang='grc' dir='ltr'>Ε</span> <span class='ocrx_word' id='word_1_346' title='bbox 962 3737 966 3804; x_wconf 95' lang='grc' dir='ltr'>Ι</span> <span class='ocrx_word' id='word_1_347' title='bbox 983 3739 1021 3794; x_wconf 78' lang='grc'><em>16</em></span> <span class='ocrx_word' id='word_1_348' title='bbox 1040 3737 1191 3808; x_wconf 85' lang='grc' dir='ltr'><em>γενόμενοι</em></span> <span class='ocrx_word' id='word_1_349' title='bbox 1208 3734 1261 3800; x_wconf 83' lang='lat' dir='ltr'><em>Bc,</em></span> <span class='ocrx_word' id='word_1_350' title='bbox 1283 3753 1376 3805; x_wconf 85' lang='grc' dir='ltr'><em>γινομ.</em></span> <span class='ocrx_word' id='word_1_351' title='bbox 1395 3736 1421 3790; x_wconf 84' lang='grc' dir='ltr'><em>δ.</em></span> <span class='ocrx_word' id='word_1_352' title='bbox 1440 3735 1500 3788; x_wconf 76' lang='lat' dir='ltr'><strong>iibr.</strong></span> <span class='ocrx_word' id='word_1_353' title='bbox 1516 3736 1520 3803; x_wconf 94' lang='grc' dir='ltr'>Ι</span> <span class='ocrx_word' id='word_1_354' title='bbox 1537 3734 1573 3790; x_wconf 86' lang='grc' dir='ltr'><em>Ῑθ</em></span> <span class='ocrx_word' id='word_1_355' title='bbox 1589 3728 1645 3788; x_wconf 58' lang='lat' dir='ltr'><em>{ma</em></span> 
     </span>
     <span class='ocr_line' id='line_1_34' title="bbox 341 3817 1645 3892; baseline -0.002 -16"><span class='ocrx_word' id='word_1_356' title='bbox 341 3821 395 3890; x_wconf 76' lang='grc' dir='ltr'><em>μὲν</em></span> <span class='ocrx_word' id='word_1_357' title='bbox 413 3829 464 3876; x_wconf 88' lang='grc' dir='ltr'><em>τοῦ</em></span> <span class='ocrx_word' id='word_1_358' title='bbox 481 3825 553 3877; x_wconf 89' lang='grc' dir='ltr'><em>θεοῦ</em></span> <span class='ocrx_word' id='word_1_359' title='bbox 573 3817 638 3892; x_wconf 50' lang='lat' dir='ltr'><em>ank]</em></span> <span class='ocrx_word' id='word_1_360' title='bbox 657 3821 742 3876; x_wconf 76' lang='lat' dir='ltr'><strong>Meth.</strong></span> <span class='ocrx_word' id='word_1_361' title='bbox 759 3821 805 3876; x_wconf 82' lang='lat' dir='ltr'><em>bei</em></span> <span class='ocrx_word' id='word_1_362' title='bbox 823 3820 953 3876; x_wconf 72' lang='lat' dir='ltr'>Leontius</span> <span class='ocrx_word' id='word_1_363' title='bbox 975 3821 1005 3889; x_wconf 84' lang='grc' dir='ltr'><em>(ε.</em></span> <span class='ocrx_word' id='word_1_364' title='bbox 1025 3822 1120 3876; x_wconf 78' lang='lat' dir='ltr'>Bonw.</span> <span class='ocrx_word' id='word_1_365' title='bbox 1138 3821 1164 3875; x_wconf 86' lang='lat' dir='ltr'><em>S.</em></span> <span class='ocrx_word' id='word_1_366' title='bbox 1181 3821 1215 3876; x_wconf 88' lang='grc'><em>46</em></span> <span class='ocrx_word' id='word_1_367' title='bbox 1236 3819 1471 3888; x_wconf 77' lang='grc' dir='ltr'><em>α.Εἰα1.ΧΧΠΙ;</em></span> <span class='ocrx_word' id='word_1_368' title='bbox 1498 3817 1571 3890; x_wconf 84' lang='grc' dir='ltr'><em>πρὸς</em></span> <span class='ocrx_word' id='word_1_369' title='bbox 1592 3819 1645 3887; x_wconf 71' lang='grc' dir='ltr'><em>μἐν</em></span> 
     </span>
     <span class='ocr_line' id='line_1_35' title="bbox 341 3899 1645 3979; baseline -0.003 -18"><span class='ocrx_word' id='word_1_370' title='bbox 341 3914 392 3961; x_wconf 87' lang='grc' dir='ltr'><em>τοῦ</em></span> <span class='ocrx_word' id='word_1_371' title='bbox 410 3911 481 3962; x_wconf 86' lang='grc' dir='ltr'><em>θεοῦ</em></span> <span class='ocrx_word' id='word_1_372' title='bbox 498 3906 564 3973; x_wconf 78' lang='grc' dir='ltr'><em>τοὺς</em></span> <span class='ocrx_word' id='word_1_373' title='bbox 580 3904 754 3979; x_wconf 80' lang='grc' dir='ltr'><em>ἀνθρώπους</em></span> <span class='ocrx_word' id='word_1_374' title='bbox 771 3904 921 3970; x_wconf 87' lang='grc' dir='ltr'><em>τοιούτους</em></span> <span class='ocrx_word' id='word_1_375' title='bbox 938 3903 1087 3976; x_wconf 85' lang='grc' dir='ltr'><em>γεγονέναι</em></span> <span class='ocrx_word' id='word_1_376' title='bbox 1105 3899 1166 3959; x_wconf 84' lang='grc' dir='ltr'><em>σύτι</em></span> <span class='ocrx_word' id='word_1_377' title='bbox 1177 3923 1228 3972; x_wconf 84' lang='grc' dir='ltr'><em>μοι</em></span> <span class='ocrx_word' id='word_1_378' title='bbox 1244 3907 1325 3961; x_wconf 88' lang='grc' dir='ltr'><em>δοκεῖ</em></span> <span class='ocrx_word' id='word_1_379' title='bbox 1338 3902 1444 3975; x_wconf 82' lang='grc' dir='ltr'><em>λέγειν·</em></span> <span class='ocrx_word' id='word_1_380' title='bbox 1463 3902 1645 3969; x_wconf 82' lang='grc' dir='ltr'><em>αίτεξούσιον</em></span> 
     </span>
     <span class='ocr_line' id='line_1_36' title="bbox 341 3980 1644 4064; baseline -0.002 -20"><span class='ocrx_word' id='word_1_381' title='bbox 341 3991 371 4048; x_wconf 77' lang='grc' dir='ltr'><em>δὲ</em></span> <span class='ocrx_word' id='word_1_382' title='bbox 388 3990 439 4046; x_wconf 83' lang='grc' dir='ltr'><em>τὸν</em></span> <span class='ocrx_word' id='word_1_383' title='bbox 457 3999 571 4064; x_wconf 83' lang='grc' dir='ltr'><em>πρῶτον</em></span> <span class='ocrx_word' id='word_1_384' title='bbox 589 3987 745 4062; x_wconf 76' lang='grc' dir='ltr'><em>ἄνθρωπον</em></span> <span class='ocrx_word' id='word_1_385' title='bbox 763 3987 912 4060; x_wconf 86' lang='grc' dir='ltr'><em>γεγονέναι</em></span> <span class='ocrx_word' id='word_1_386' title='bbox 928 3987 1010 4058; x_wconf 84' lang='grc' dir='ltr'><em>λέγω,</em></span> <span class='ocrx_word' id='word_1_387' title='bbox 1028 3987 1172 4044; x_wconf 80' lang='grc' dir='ltr'><em>τουτέστιν</em></span> <span class='ocrx_word' id='word_1_388' title='bbox 1184 3985 1344 4061; x_wconf 80' lang='grc' dir='ltr'><em>ἐλεύθερον,</em></span> <span class='ocrx_word' id='word_1_389' title='bbox 1363 3983 1413 4059; x_wconf 81' lang='grc' dir='ltr'><em>ἀφ’</em></span> <span class='ocrx_word' id='word_1_390' title='bbox 1431 3980 1465 4045; x_wconf 83' lang='grc' dir='ltr'><em>οὗ</em></span> <span class='ocrx_word' id='word_1_391' title='bbox 1482 3989 1530 4043; x_wconf 87' lang='grc' dir='ltr'><em>καί</em></span> <span class='ocrx_word' id='word_1_392' title='bbox 1543 3983 1572 4044; x_wconf 83' lang='grc' dir='ltr'><em>σί</em></span> <span class='ocrx_word' id='word_1_393' title='bbox 1588 3985 1644 4042; x_wconf 88' lang='grc' dir='ltr'><em>διά-</em></span> 
     </span>
     <span class='ocr_line' id='line_1_37' title="bbox 340 4069 1644 4147; baseline -0.002 -18"><span class='ocrx_word' id='word_1_394' title='bbox 340 4077 420 4146; x_wconf 84' lang='grc' dir='ltr'><em>δοχοι</em></span> <span class='ocrx_word' id='word_1_395' title='bbox 437 4084 490 4132; x_wconf 90' lang='grc' dir='ltr'><em>τοῦ</em></span> <span class='ocrx_word' id='word_1_396' title='bbox 506 4075 605 4147; x_wconf 80' lang='grc' dir='ltr'><em>γένους</em></span> <span class='ocrx_word' id='word_1_397' title='bbox 622 4078 672 4144; x_wconf 77' lang='grc' dir='ltr'><em>τὴν</em></span> <span class='ocrx_word' id='word_1_398' title='bbox 691 4072 796 4144; x_wconf 84' lang='grc' dir='ltr'><em>ὁμοίαν</em></span> <span class='ocrx_word' id='word_1_399' title='bbox 814 4071 980 4146; x_wconf 77' lang='grc' dir='ltr'><em>ἐλευθερίαν</em></span> <span class='ocrx_word' id='word_1_400' title='bbox 998 4069 1205 4144; x_wconf 79' lang='grc' dir='ltr'><em>ἐκληρώσαντο.</em></span> <span class='ocrx_word' id='word_1_401' title='bbox 1235 4075 1307 4144; x_wconf 86' lang='grc' dir='ltr'><em>φημί</em></span> <span class='ocrx_word' id='word_1_402' title='bbox 1322 4080 1477 4144; x_wconf 78' lang='grc' dir='ltr'><em>τοιγαροῦν</em></span> <span class='ocrx_word' id='word_1_403' title='bbox 1490 4069 1644 4144; x_wconf 76' lang='grc' dir='ltr'><em>ἐλεύθερον</em></span> 
     </span>
     <span class='ocr_line' id='line_1_38' title="bbox 340 4155 1644 4231; baseline -0.003 -16"><span class='ocrx_word' id='word_1_404' title='bbox 340 4159 489 4230; x_wconf 84' lang='grc' dir='ltr'><em>γεγονέναι</em></span> <span class='ocrx_word' id='word_1_405' title='bbox 505 4159 557 4216; x_wconf 85' lang='grc' dir='ltr'><em>τόν</em></span> <span class='ocrx_word' id='word_1_406' title='bbox 574 4155 739 4231; x_wconf 83' lang='grc' dir='ltr'><em>ἀνθρωπον,</em></span> <span class='ocrx_word' id='word_1_407' title='bbox 758 4157 927 4214; x_wconf 88' lang='grc' dir='ltr'><em>δουλεύοντα</em></span> <span class='ocrx_word' id='word_1_408' title='bbox 945 4157 976 4213; x_wconf 77' lang='grc' dir='ltr'><em>δὲ</em></span> <span class='ocrx_word' id='word_1_409' title='bbox 994 4155 1081 4212; x_wconf 82' lang='grc' dir='ltr'><em>αθτδν</em></span> <span class='ocrx_word' id='word_1_410' title='bbox 1100 4155 1134 4212; x_wconf 81' lang='grc' dir='ltr'><em>οῦ</em></span> <span class='ocrx_word' id='word_1_411' title='bbox 1150 4156 1303 4230; x_wconf 87' lang='grc' dir='ltr'><em>βούλομαι.</em></span> <span class='ocrx_word' id='word_1_412' title='bbox 1321 4165 1406 4213; x_wconf 82' lang='grc' dir='ltr'><em>τοῦτο</em></span> <span class='ocrx_word' id='word_1_413' title='bbox 1424 4156 1480 4230; x_wconf 89' lang='grc' dir='ltr'><em>γὰρ</em></span> <span class='ocrx_word' id='word_1_414' title='bbox 1499 4155 1577 4230; x_wconf 81' lang='grc' dir='ltr'><em>αύτῷ</em></span> <span class='ocrx_word' id='word_1_415' title='bbox 1594 4158 1644 4212; x_wconf 87' lang='grc' dir='ltr'><em>καί</em></span> 
     </span>
     <span class='ocr_line' id='line_1_39' title="bbox 338 4236 1643 4317; baseline -0.001 -18"><span class='ocrx_word' id='word_1_416' title='bbox 338 4242 485 4314; x_wconf 89' lang='grc' dir='ltr'><em>βέλτιστον</em></span> <span class='ocrx_word' id='word_1_417' title='bbox 506 4243 578 4317; x_wconf 82' lang='grc' dir='ltr'><em>πρὸς</em></span> <span class='ocrx_word' id='word_1_418' title='bbox 599 4250 650 4299; x_wconf 90' lang='grc' dir='ltr'><em>τοῦ</em></span> <span class='ocrx_word' id='word_1_419' title='bbox 672 4246 744 4299; x_wconf 86' lang='grc' dir='ltr'><em>θεοῦ</em></span> <span class='ocrx_word' id='word_1_420' title='bbox 764 4243 934 4314; x_wconf 82' lang='grc' dir='ltr'><em>κεχαρίσθαι</em></span> <span class='ocrx_word' id='word_1_421' title='bbox 956 4239 1037 4310; x_wconf 86' lang='grc' dir='ltr'><em>λέγω.</em></span> <span class='ocrx_word' id='word_1_422' title='bbox 1073 4236 1117 4296; x_wconf 77' lang='grc' dir='ltr'><em>ὅτι</em></span> <span class='ocrx_word' id='word_1_423' title='bbox 1139 4241 1202 4308; x_wconf 81' lang='lat' dir='ltr'><strong>(von</strong></span> <span class='ocrx_word' id='word_1_424' title='bbox 1220 4243 1314 4299; x_wconf 83' lang='lat' dir='ltr'><strong>Bonw.</strong></span> <span class='ocrx_word' id='word_1_425' title='bbox 1331 4242 1442 4313; x_wconf 72' lang='lat' dir='ltr'><strong>getilgt)</strong></span> <span class='ocrx_word' id='word_1_426' title='bbox 1463 4241 1498 4298; x_wconf 84' lang='grc' dir='ltr'><em>τὰ</em></span> <span class='ocrx_word' id='word_1_427' title='bbox 1516 4241 1569 4311; x_wconf 74' lang='grc' dir='ltr'><em>μὲν</em></span> <span class='ocrx_word' id='word_1_428' title='bbox 1587 4238 1643 4312; x_wconf 79' lang='grc' dir='ltr'><em>γὰρ</em></span> 
     </span>
     <span class='ocr_line' id='line_1_40' title="bbox 339 4323 1643 4398; baseline -0.002 -18"><span class='ocrx_word' id='word_1_429' title='bbox 339 4323 411 4382; x_wconf 81' lang='grc' dir='ltr'><em>ἀλλα</em></span> <span class='ocrx_word' id='word_1_430' title='bbox 423 4324 481 4385; x_wconf 79' lang='grc' dir='ltr'><em>κτὲ.</em></span> <span class='ocrx_word' id='word_1_431' title='bbox 496 4332 501 4398; x_wconf 98' lang='grc' dir='ltr'>Ι</span> <span class='ocrx_word' id='word_1_432' title='bbox 517 4330 553 4384; x_wconf 80' lang='grc'><em>21</em></span> <span class='ocrx_word' id='word_1_433' title='bbox 561 4330 595 4386; x_wconf 72' lang='lat' dir='ltr'><em>fl.</em></span> <span class='ocrx_word' id='word_1_434' title='bbox 608 4323 651 4384; x_wconf 81' lang='grc' dir='ltr'><em>δτι</em></span> <span class='ocrx_word' id='word_1_435' title='bbox 661 4357 692 4366; x_wconf 90' lang='grc'>-</span> <span class='ocrx_word' id='word_1_436' title='bbox 702 4325 846 4396; x_wconf 79' lang='grc' dir='ltr'><em>ἐφύλαξαν</em></span> <span class='ocrx_word' id='word_1_437' title='bbox 859 4343 913 4380; x_wconf 86' lang='lat' dir='ltr'><em>von</em></span> <span class='ocrx_word' id='word_1_438' title='bbox 922 4326 984 4381; x_wconf 79' lang='lat' dir='ltr'>Rus.</span> <span class='ocrx_word' id='word_1_439' title='bbox 997 4327 1180 4396; x_wconf 75' lang='lat' dir='ltr'><strong>ausgelassen,</strong></span> <span class='ocrx_word' id='word_1_440' title='bbox 1198 4328 1296 4397; x_wconf 65' lang='lat' dir='ltr'>gehbrt</span> <span class='ocrx_word' id='word_1_441' title='bbox 1308 4327 1374 4382; x_wconf 71' lang='lat' dir='ltr'><strong>aber</strong></span> <span class='ocrx_word' id='word_1_442' title='bbox 1385 4345 1418 4381; x_wconf 83' lang='lat' dir='ltr'><em>zu</em></span> <span class='ocrx_word' id='word_1_443' title='bbox 1431 4326 1494 4381; x_wconf 80' lang='lat' dir='ltr'><em>dem</em></span> <span class='ocrx_word' id='word_1_444' title='bbox 1505 4343 1591 4396; x_wconf 75' lang='grc' dir='ltr'><em>ωερε.</em></span> <span class='ocrx_word' id='word_1_445' title='bbox 1603 4325 1643 4388; x_wconf 67' lang='lat' dir='ltr'><em>T„</em></span> 
     </span>
     <span class='ocr_line' id='line_1_41' title="bbox 338 4403 1643 4482; baseline 0.002 -18"><span class='ocrx_word' id='word_1_446' title='bbox 338 4431 358 4466; x_wconf 77' lang='grc' dir='ltr'><em>ε.</em></span> <span class='ocrx_word' id='word_1_447' title='bbox 375 4413 462 4467; x_wconf 75' lang='lat' dir='ltr'><strong>Meth.</strong></span> <span class='ocrx_word' id='word_1_448' title='bbox 480 4413 510 4467; x_wconf 90' lang='lat' dir='ltr'><em>B.</em></span> <span class='ocrx_word' id='word_1_449' title='bbox 528 4414 554 4468; x_wconf 88' lang='lat' dir='ltr'><em>S.</em></span> <span class='ocrx_word' id='word_1_450' title='bbox 565 4417 607 4472; x_wconf 85' lang='grc'><em>46.</em></span> <span class='ocrx_word' id='word_1_451' title='bbox 619 4415 651 4467; x_wconf 77' lang='grc'><em>47</em></span> <span class='ocrx_word' id='word_1_452' title='bbox 668 4413 671 4479; x_wconf 96' lang='grc' dir='ltr'>Ι</span> <span class='ocrx_word' id='word_1_453' title='bbox 687 4411 724 4467; x_wconf 78' lang='lat'><em>21</em></span> <span class='ocrx_word' id='word_1_454' title='bbox 746 4409 857 4482; x_wconf 85' lang='grc' dir='ltr'><em>ἀνάγκη</em></span> <span class='ocrx_word' id='word_1_455' title='bbox 875 4408 1017 4466; x_wconf 86' lang='grc' dir='ltr'><em>δουλεύειν</em></span> <span class='ocrx_word' id='word_1_456' title='bbox 1034 4409 1201 4478; x_wconf 74' lang='lat' dir='ltr'><strong>HPi0.128</strong></span> <span class='ocrx_word' id='word_1_457' title='bbox 1218 4429 1250 4466; x_wconf 87' lang='grc' dir='ltr'><em>τε</em></span> <span class='ocrx_word' id='word_1_458' title='bbox 1267 4411 1297 4464; x_wconf 91' lang='lat' dir='ltr'><em>in</em></span> <span class='ocrx_word' id='word_1_459' title='bbox 1314 4409 1361 4465; x_wconf 72' lang='lat' dir='ltr'><strong>all.</strong></span> <span class='ocrx_word' id='word_1_460' title='bbox 1378 4410 1450 4464; x_wconf 80' lang='lat' dir='ltr'>Hss.</span> <span class='ocrx_word' id='word_1_461' title='bbox 1465 4413 1470 4477; x_wconf 92' lang='grc' dir='ltr'>Ι</span> <span class='ocrx_word' id='word_1_462' title='bbox 1485 4409 1557 4468; x_wconf 69' lang='lat'><em>281.</em></span> <span class='ocrx_word' id='word_1_463' title='bbox 1574 4403 1643 4481; x_wconf 75' lang='grc' dir='ltr'><em>παρ’</em></span> 
     </span>
     <span class='ocr_line' id='line_1_42' title="bbox 339 4491 1642 4569; baseline -0.002 -19"><span class='ocrx_word' id='word_1_464' title='bbox 339 4493 390 4565; x_wconf 79' lang='grc' dir='ltr'><em>θῆ</em></span> <span class='ocrx_word' id='word_1_465' title='bbox 408 4495 448 4563; x_wconf 84' lang='grc' dir='ltr'><em>εἰς</em></span> <span class='ocrx_word' id='word_1_466' title='bbox 466 4494 483 4553; x_wconf 83' lang='grc' dir='ltr'><em>δ</em></span> <span class='ocrx_word' id='word_1_467' title='bbox 501 4499 523 4552; x_wconf 88' lang='grc' dir='ltr'>Β</span> <span class='ocrx_word' id='word_1_468' title='bbox 546 4497 604 4564; x_wconf 80' lang='lat' dir='ltr'><strong>(der</strong></span> <span class='ocrx_word' id='word_1_469' title='bbox 621 4497 731 4552; x_wconf 76' lang='lat' dir='ltr'>Buehst.</span> <span class='ocrx_word' id='word_1_470' title='bbox 750 4516 766 4565; x_wconf 84' lang='grc' dir='ltr'><em>η</em></span> <span class='ocrx_word' id='word_1_471' title='bbox 784 4496 822 4550; x_wconf 77' lang='lat' dir='ltr'><em>ist</em></span> <span class='ocrx_word' id='word_1_472' title='bbox 845 4495 1073 4562; x_wconf 78' lang='lat' dir='ltr'><strong>durchstrichen),</strong></span> <span class='ocrx_word' id='word_1_473' title='bbox 1102 4494 1196 4569; x_wconf 84' lang='grc' dir='ltr'><em>παρὸν</em></span> <span class='ocrx_word' id='word_1_474' title='bbox 1214 4493 1254 4560; x_wconf 85' lang='grc' dir='ltr'><em>εἰς</em></span> <span class='ocrx_word' id='word_1_475' title='bbox 1272 4491 1288 4549; x_wconf 83' lang='grc' dir='ltr'>ὃ</span> <span class='ocrx_word' id='word_1_476' title='bbox 1305 4493 1392 4561; x_wconf 75' lang='grc' dir='ltr'><strong>ΒΕΘ,</strong></span> <span class='ocrx_word' id='word_1_477' title='bbox 1419 4493 1496 4568; x_wconf 84' lang='grc' dir='ltr'><em>παρὸ</em></span> <span class='ocrx_word' id='word_1_478' title='bbox 1516 4493 1556 4560; x_wconf 87' lang='grc' dir='ltr'><em>εἰς</em></span> <span class='ocrx_word' id='word_1_479' title='bbox 1575 4491 1591 4550; x_wconf 84' lang='grc' dir='ltr'><em>δ</em></span> <span class='ocrx_word' id='word_1_480' title='bbox 1608 4495 1642 4561; x_wconf 92' lang='grc' dir='ltr'><em>Η,</em></span> 
     </span>
     <span class='ocr_line' id='line_1_43' title="bbox 337 4575 1641 4655; baseline -0.002 -19"><span class='ocrx_word' id='word_1_481' title='bbox 337 4575 406 4655; x_wconf 80' lang='grc' dir='ltr'><em>παρ’</em></span> <span class='ocrx_word' id='word_1_482' title='bbox 424 4579 440 4637; x_wconf 83' lang='grc' dir='ltr'><em>δ</em></span> <span class='ocrx_word' id='word_1_483' title='bbox 458 4581 498 4647; x_wconf 86' lang='grc' dir='ltr'><em>είς</em></span> <span class='ocrx_word' id='word_1_484' title='bbox 517 4578 533 4636; x_wconf 84' lang='grc' dir='ltr'><em>δ</em></span> <span class='ocrx_word' id='word_1_485' title='bbox 551 4581 648 4636; x_wconf 83' lang='lat' dir='ltr'>d.1’1br.</span> <span class='ocrx_word' id='word_1_486' title='bbox 683 4581 737 4636; x_wconf 79' lang='lat' dir='ltr'><em>Dor</em></span> <span class='ocrx_word' id='word_1_487' title='bbox 748 4580 825 4636; x_wconf 77' lang='lat' dir='ltr'>Verf.</span> <span class='ocrx_word' id='word_1_488' title='bbox 842 4581 893 4634; x_wconf 75' lang='lat' dir='ltr'><em>hat</em></span> <span class='ocrx_word' id='word_1_489' title='bbox 911 4578 964 4633; x_wconf 84' lang='lat' dir='ltr'><em>den</em></span> <span class='ocrx_word' id='word_1_490' title='bbox 976 4579 1061 4634; x_wconf 75' lang='lat' dir='ltr'>Meth.</span> <span class='ocrx_word' id='word_1_491' title='bbox 1074 4580 1300 4650; x_wconf 72' lang='lat' dir='ltr'><strong>abgesohn&#39;ebem</strong></span> <span class='ocrx_word' id='word_1_492' title='bbox 1318 4597 1346 4634; x_wconf 86' lang='grc' dir='ltr'><em>εε</em></span> <span class='ocrx_word' id='word_1_493' title='bbox 1364 4579 1401 4634; x_wconf 76' lang='lat' dir='ltr'><em>ist</em></span> <span class='ocrx_word' id='word_1_494' title='bbox 1418 4580 1484 4634; x_wconf 71' lang='lat' dir='ltr'><strong>abor</strong></span> <span class='ocrx_word' id='word_1_495' title='bbox 1495 4578 1641 4650; x_wconf 59' lang='lat' dir='ltr'>unguriae,</span> 
     </span>
     <span class='ocr_line' id='line_1_44' title="bbox 338 4661 1642 4737; baseline 0.001 -19"><span class='ocrx_word' id='word_1_496' title='bbox 338 4683 394 4720; x_wconf 73' lang='lat' dir='ltr'><em>wau</em></span> <span class='ocrx_word' id='word_1_497' title='bbox 412 4666 500 4721; x_wconf 76' lang='lat' dir='ltr'><strong>dieser</strong></span> <span class='ocrx_word' id='word_1_498' title='bbox 517 4665 693 4736; x_wconf 81' lang='lat' dir='ltr'><strong>gesehriebeu</strong></span> <span class='ocrx_word' id='word_1_499' title='bbox 710 4668 769 4720; x_wconf 72' lang='lat' dir='ltr'><em>hab.</em></span> <span class='ocrx_word' id='word_1_500' title='bbox 798 4664 928 4720; x_wconf 76' lang='lat' dir='ltr'><strong>Leontius</strong></span> <span class='ocrx_word' id='word_1_501' title='bbox 941 4663 1017 4735; x_wconf 79' lang='lat' dir='ltr'><strong>giebt</strong></span> <span class='ocrx_word' id='word_1_502' title='bbox 1029 4665 1070 4719; x_wconf 76' lang='lat' dir='ltr'><em>als</em></span> <span class='ocrx_word' id='word_1_503' title='bbox 1082 4663 1181 4720; x_wconf 69' lang='lat' dir='ltr'>Worte</span> <span class='ocrx_word' id='word_1_504' title='bbox 1198 4665 1246 4719; x_wconf 80' lang='lat' dir='ltr'><em>des</em></span> <span class='ocrx_word' id='word_1_505' title='bbox 1257 4665 1354 4720; x_wconf 55' lang='lat' dir='ltr'><strong>Motha</strong></span> <span class='ocrx_word' id='word_1_506' title='bbox 1373 4662 1440 4737; x_wconf 85' lang='grc' dir='ltr'><em>παρ’</em></span> <span class='ocrx_word' id='word_1_507' title='bbox 1458 4662 1475 4720; x_wconf 83' lang='grc' dir='ltr'>ὃ</span> <span class='ocrx_word' id='word_1_508' title='bbox 1491 4666 1541 4720; x_wconf 86' lang='grc' dir='ltr'><em>καί</em></span> <span class='ocrx_word' id='word_1_509' title='bbox 1559 4661 1600 4729; x_wconf 85' lang='grc' dir='ltr'><em>είς</em></span> <span class='ocrx_word' id='word_1_510' title='bbox 1616 4661 1642 4730; x_wconf 82' lang='grc' dir='ltr'><em>δ,</em></span> 
     </span>
    </p>
   </div>
   <div class='ocr_carea' id='block_1_4' title="bbox 0 0 1876 5528">
    <p class='ocr_par' dir='ltr' id='par_1_4' title="bbox 0 0 1876 5528">
     <span class='ocr_line' id='line_1_45' title="bbox 0 0 1876 5528; baseline 0 8"><span class='ocrx_word' id='word_1_511' title='bbox 0 0 1876 5528; x_wconf 95' lang='lat' dir='ltr'><em> </em></span> 
     </span>
    </p>
   </div>
  </div>
 </body>
</html>
