3708 5528
375 502 414 564 20
931 493 1121 549 Adamantius.
1283 492 1325 548 Do
1340 493 1370 547 1ο
1387 493 1445 548 Rue
1462 493 1475 546 Ι
1494 493 1684 551 81οσ-811ο,

374 675 509 746 τροφεῖ,
545 662 600 727 καί
629 663 809 745 μετέπειτα
839 663 964 743 μείζοσι
998 663 1054 726 καί
1085 660 1313 744 ἰσχυροτέροις
1342 661 1500 744 κέχρηται
1530 655 1683 746 βρώμασι

373 798 415 810 -
429 758 498 829 οίδε
522 755 583 846 γὰρ
605 763 661 826 καὶ
677 750 696 826 ό
718 751 911 838 ἀπόστολος
925 761 1060 839 Παῦλος
1079 755 1168 827 κατὰ
1188 754 1369 845 προκοπὴν
1392 763 1594 844 νομοθεσίας
1609 776 1683 836 τοῖς

375 852 576 945 ἀνθρώποις
605 852 802 944 προσάγειν,
833 861 955 940 λέγων’
985 853 1086 943 ’γάλα
1116 853 1213 945 ύμάς
1243 853 1423 942 ἐπότισα,
1456 851 1501 926 ού
1528 863 1682 944 βρῶμα,

373 948 484 1026 ούπω
508 955 579 1044 γάρ
602 951 814 1045 ἠδύνασθε,
837 951 918 1026 ἀλλ’
941 951 1024 1025 οὐδ’
1048 959 1106 1026 ἐτι
1126 954 1400 1038 νῦνδύνασθε,
1424 953 1571 1043 ἔτιγὰρ
1592 978 1682 1044 σαρ-

339 1060 481 1127 5κικοί
502 1059 589 1126 ἐστε
611 1097 652 1107 -
674 1052 737 1126 τὸν
760 1050 868 1125 αύτὸν
888 1050 1019 1142 τρόπον
1040 1059 1096 1125 καί
1111 1049 1130 1124 ὁ
1144 1051 1239 1136 θεός·
1261 1053 1348 1125 κατά
1371 1053 1434 1144 γάρ
1456 1047 1593 1144 αύξησιν
1608 1075 1683 1139 τοῖς

337 1165 356 1219 d
374 1152 573 1242 ἀνθρώποις
595 1159 857 1244 ἐνομοθέτησεν,
881 1151 967 1225 ἀλλα
989 1160 1040 1242 τῷ
1062 1150 1161 1240 Ἀδὰμ
1183 1151 1231 1236 ως
1254 1162 1380 1242 νηπίῳ,
1407 1153 1493 1225 ἀλλα
1514 1160 1565 1243 τῷ
1588 1163 1680 1228 Νῶε,

373 1253 459 1328 ἀλλα
486 1262 538 1344 τῷ
559 1250 715 1341 Ἀβραάμ,
746 1253 843 1339 έτερα
870 1251 923 1325 διά
947 1259 1097 1336 Μωσέως
1123 1260 1177 1323 καὶ
1205 1252 1291 1324 ἀλλα
1319 1252 1373 1324 διά
1401 1261 1463 1324 τοῦ
1483 1250 1681 1345 εὐαγγελίου

372 1353 460 1426 κατὰ
487 1351 669 1442 προκοπὴν
696 1349 884 1440 ἀρχομένου
911 1360 974 1424 τοῦ
994 1351 1123 1441 κόσμου
1142 1362 1198 1424 καὶ
1224 1349 1432 1442 μεσάζοντος
1453 1360 1509 1422 καὶ
1532 1366 1682 1426 τελειου-

372 1459 488 1542 μένου,
516 1451 557 1523 τὸ
581 1457 712 1523 τέλειον
740 1460 791 1542 τῷ
814 1460 932 1541 τελείῳ
955 1449 1223 1540 ταμιευσάμενος.
1266 1449 1308 1522 ἵν’
1333 1445 1395 1524 οὖν
1416 1451 1461 1542 μὴ
1484 1451 1583 1540 δόξης
1605 1450 1682 1524 ἀσύ-

323 1564 356 1620 10
373 1550 501 1624 στατόν
527 1581 566 1641 με
594 1550 657 1622 τὸν
683 1547 788 1640 λόγον
813 1563 997 1636 ποιεῖσθαι,
1029 1558 1215 1638 παρέξομαι
1242 1550 1303 1634 τάς
1330 1549 1517 1636 ἀποδείξεις
1544 1547 1681 1634 όπωςδ

374 1649 477 1734 αὐτὸς
511 1649 592 1733 θεὸς
628 1647 802 1740 ἀμφότερα
836 1655 1070 1740 ἐνομοθέτησε.
1113 1648 1320 1740 προστάττει
1354 1650 1417 1740 γάρ
1452 1658 1503 1740 τῷ
1537 1647 1681 1742 Ἀβραάμ

374 1749 533 1838 φονεύειν
556 1747 663 1822 αύτού
685 1748 747 1822 τὸν
768 1747 856 1820 υἱόν·
878 1750 962 1840 μετά
977 1756 1086 1822 ταῦτα
1101 1760 1287 1837 νομοθετεῖ
1307 1749 1362 1821 διὰ
1377 1756 1530 1832 Μωσέως
1543 1749 1588 1839 μὴ
1610 1757 1681 1821 δεῖν

374 1849 539 1936 φονεύειν,
563 1847 649 1921 ἀλλὰ
672 1849 735 1921 τὸν
761 1847 932 1938 δράσαντα
956 1846 1216 1938 άνδροκτονίαν,
1244 1857 1372 1921 τοῦτον
1400 1845 1680 1921 ἀντικτείνεσθαι,

373 1955 444 2022 ἐπεὶ
470 1943 532 2020 σύν
560 1945 579 2020 ὁ
605 1946 709 2032 αύτός
736 1955 860 2020 δικαιοῖ
880 1947 1035 2036 φονεύειν
1061 1950 1182 2039 καὶμὴ
1205 1949 1374 2038 φονεύειν,
1407 1947 1466 2019 δύο
1488 1953 1571 2033 ἐρεῖς
1593 1949 1679 2020 εἶναι

312 2061 355 2124 ,15
372 2049 475 2131 θεούς
496 2055 552 2119 καὶ
573 2045 848 2139 ἧναντιωμένσυς
870 2045 1046 2138 ἀλλήλοις·

455 2157 519 2218 ΕΥ
519 2157 577 2218 ΤΡ.
618 2143 651 2218 ‘0
672 2145 776 2231 αύτός
796 2147 923 2220 κελεύει
946 2147 1104 2235 φονεύειν
1125 2155 1181 2218 καὶ
1201 2147 1246 2236 μὴ
1269 2144 1443 2235 φονεύειν;

454 2255 520 2318 ΑΔ.
563 2243 595 2317 ‘0
621 2244 737 2332 αύτός,
769 2255 825 2319 καὶ
853 2245 894 2320 ού
919 2245 1026 2338 μόνον
1054 2251 1090 2318 ἐν
1113 2245 1226 2336 τούτῳ
1250 2241 1434 2336 εύρίσκεται
1452 2242 1543 2317 ’ἀλλὰ
1564 2257 1620 2317 καὶ
1641 2253 1679 2320 ἐν

372 2355 513 2430 πολλοῖς
534 2345 710 2430 πολλάκις,
732 2354 787 2418 καί
809 2343 880 2418 ἐσθ’
904 2341 961 2419 ὅτε
983 2353 1044 2436 μὲν
1066 2357 1249 2435 νομοθετεῖ
1268 2355 1388 2428 θυσίας
1406 2352 1462 2416 καὶ
1484 2341 1679 2419 ὁλοκαυτω-

371 2476 461 2537 ματα
477 2445 572 2538 αύτῷ
588 2453 848 2535 προσφέρεσθαι,
870 2453 926 2517 καί
948 2444 1054 2518 πάλιν
1075 2447 1120 2537 μὴ
1135 2451 1396 2534 προσφέρεσθαι
1432 2441 1678 2533 ἀποκρινάσθω

321 2557 355 2612 20
372 2540 435 2618 σύν
456 2553 484 2618 εί
507 2545 610 2630 ἀλλος
632 2551 723 2618 ἐστὶν
746 2541 930 2618 όκελεύων
952 2543 1138 2634 σφάζεσθαι
1160 2544 1223 2616 τὸν
1237 2541 1351 2628 Ἰσαάκ,
1374 2551 1429 2616 καί
1451 2543 1554 2630 ἀλλος
1575 2571 1677 2635 προσ-

372 2644 490 2719 τάττει
515 2646 560 2736 μὴ
587 2644 744 2733 φονεύειν
768 2653 824 2717 καὶ
850 2654 972 2729 θυσίας
998 2651 1252 2734 προσφέρεσθαι
1272 2652 1326 2715 καί
1349 2644 1394 2734 μὴ
1416 2651 1676 2734 προσφέρεσθαι

455 2754 519 2817 ΕΥ
519 2756 576 2817 ΤΡ.
612 2751 685 2835 (Ec)
709 2739 801 2818 ούτω
823 2751 1011 2833 περιέχεται
1032 2748 1070 2814 ἐν
1092 2752 1135 2832 τῇ
1150 2753 1271 2833 γραφῇ,
1293 2750 1379 2815 ποτὲ
1400 2748 1461 2830 μέν
1483 2747 1676 2834 ἐπιτρέπειν

371 2855 494 2918 θυσίαν
519 2854 769 2935 προσκομίζειν,
799 2851 885 2915 ποτὲ
912 2849 947 2914 δὲ
972 2843 1017 2933 μὴ
1043 2841 1239 2928 βούλεσθαι,
1270 2852 1304 2914 τί
1330 2849 1444 2932 λέγεις,
1467 2850 1626 2930 Μεγέθιε;
1656 2841 1676 2916 δ

303 2961 353 3017 811
370 2942 474 3030 αύτός
496 2949 587 3016 ἐστιν
609 2940 629 3017 ό
651 2939 773 3026 θεὸςδ
800 2953 805 3027 Ι
833 2939 1084 3014 ἐνδιαλλάσσωυ
1106 2943 1187 3025 τούς
1207 2939 1340 3031 νόμους,
1371 2939 1393 3032 ἢ
1415 2941 1475 3015 δύο
1498 2947 1589 3028 εἰσίν,
1612 2936 1677 3033 (ὦν

320 3056 353 3110 25
371 3043 486 3134 ὦρίσω
502 3044 561 3114 ἕνα
575 3041 639 3116 τὸν
656 3041 857 3133 δημιουργὸν
873 3043 973 3126 είναι,·
994 3048 1050 3112 καὶ
1065 3039 1179 3114 ούκέτι
1194 3061 1281 3130 τρεῖς
1296 3040 1392 3132 ἀρχαί
1408 3039 1494 3114 ἀλλά
1509 3049 1675 3132 τέσσαρες,

369 3154 426 3214 καὶ
447 3140 507 3230 ούχ
529 3145 663 3213 ἵσταται
685 3139 781 3231 ὑμῶν
803 3139 844 3212 τὸ
867 3138 993 3230 δόγμα).

454 3251 556 3313 ΜΕΙῖ
594 3238 627 3311 ‘0
649 3249 722 3312 τῶν
743 3237 912 3312 Ἰουδαίων
935 3234 954 3309 δ
976 3235 1080 3323 αύτός
1103 3245 1204 3325 ἐστιν,
1227 3235 1246 3313 δ
1268 3237 1477 3330 δημιουργός,
1501 3235 1520 3312 δ
1544 3248 1579 3312 δὲ
1601 3239 1676 3333 ἡμέ-

370 3370 468 3431 τερος
489 3338 551 3414 ούκ
574 3344 665 3412 ἐστιν
687 3336 793 3410 αύτοῦ
813 3335 893 3422 υίός.

453 3447 520 3511 ΑΔ.
565 3446 650 3511 Ποία
678 3436 848 3526 ἀπόδειξις
874 3445 936 3510 τού
962 3438 1006 3529 μὴ
1035 3441 1120 3511 εἶναι
1142 3438 1206 3511 τὸν
1229 3438 1378 3528 Χριστόν
1404 3439 1480 3512 υἱόν
1502 3446 1566 3511 τοῦ
1587 3449 1676 3531 δημι-

318 3551 353 3607 30
371 3547 509 3630 ⁰⁰OY⁰¹32'

453 3648 556 3713 ΜΕΓ.
584 3633 656 3709 Ὅτι
679 3635 863 3727 δΧριστὸς
886 3635 1048 3728 ἀνέτρεφε
1069 3639 1113 3711 τά
1134 3645 1197 3710 τοῦ
1219 3645 1430 3730 δημιουργοῦ,
1451 3643 1505 3708 καὶ
1528 3643 1675 3730 δείκνυμι

370 3734 425 3812 ότι
446 3736 618 3830 ἀνέτρεψε.

452 3848 520 3914 ΑΔ.
563 3847 679 3926 Δεῖξον
702 3832 756 3910 ότι
778 3835 950 3928 ἀνέτρεφε.

455 4011 537 4080 8-5]
557 4013 571 4065 1
586 4008 647 4064 Cor.
659 4011 689 4064 3:
702 4010 726 4072 2,
739 4009 764 4066 3.
781 4041 815 4048 -
835 4010 911 4079 nn]
932 4010 999 4065 Gen.
1012 4010 1053 4064 22.
1071 4039 1105 4048 -
1124 4009 1201 4078 12t.]
1220 4007 1307 4063 Exod.
1321 4009 1419 4072 20:13,
1437 4007 1537 4062 21:12.

454 4139 555 4216 2026e]
575 4139 630 4201 είδε
648 4144 697 4200 DE
716 4146 721 4214 Ι
741 4144 761 4200 4
778 4140 915 4200 ἐδύνασθε
932 4144 1014 4212 AFH,
1032 4142 1154 4199 δύνασθε
1172 4144 1208 4198 B¹
1227 4144 1231 4210 Ι
1254 4143 1268 4197 7
1289 4143 1321 4196 In
1344 4142 1371 4198 d.
1389 4141 1460 4198 HSS.
1478 4142 1614 4198 wechseln
1632 4141 1675 4198 die

370 4231 583 4286 Schreibweisen
595 4232 704 4297 Μωσῆς
715 4247 741 4285 ια
754 4231 879 4297 Μωυσῆς
895 4230 939 4285 ab.
968 4229 1017 4283 Ich
1034 4227 1109 4298 folge
1121 4227 1249 4293 BGDEH¹
1269 4226 1313 4281 die
1330 4226 1385 4282 fast
1400 4226 1508 4282 iiberall
1525 4227 1552 4284 d.
1564 4227 1674 4282 Buchst.

369 4337 386 4371 v
403 4315 541 4370 εσείεεεεα
557 4315 561 4381 Ι
577 4313 616 4370 22
635 4312 682 4384 ΕίΙ
701 4314 774 4390 Rufi:
796 4315 824 4366 si
839 4314 960 4380 ίιιιίιυίιιν,
983 4311 1011 4368 εἰ
1025 4322 1059 4372 <
1077 4312 1103 4366 δ
1121 4313 1199 4376 HSS..
1217 4311 1274 4382 νηί.
1292 4310 1363 4366 Einl.
1382 4313 1397 4379 ξ
1413 4313 1431 4364 4
1449 4329 1494 4365 am
1511 4311 1542 4366 Ε.
1562 4313 1566 4378 Ι
1585 4309 1674 4383 περιέ·

368 4399 457 4468 χεται]
476 4398 616 4471 περιέχειν
634 4399 678 4462 13¹,
698 4391 755 4468 έχει
774 4397 827 4464 FH,
850 4397 984 4471 περιέχον
1001 4398 1073 4452 ohne
1091 4397 1158 4468 folg.
1176 4394 1207 4453 ἐν
1224 4401 1261 4462 Δ,
1284 4393 1409 4468 περιέχει
1426 4395 1452 4450 d,
1470 4395 1538 4464 iibr„
1556 4395 1673 4450 Humfr.:

369 4484 528 4539 continetur.
558 4485 625 4538 Man
642 4483 748 4538 kbnnto
765 4482 850 4538 auch:
871 4478 961 4547 οὕτως
978 4477 1036 4552 ἔχει
1053 4484 1204 4548 varmum,
1222 4481 1307 4535 allein
1325 4480 1373 4535 das
1393 4479 1534 4534 »habetur«
1555 4479 1601 4534 des
1613 4479 1673 4534 nm.

369 4568 472 4638 spricht
488 4569 531 4622 fiir
543 4566 705 4640 περιέχεται
720 4569 725 4634 Ι
740 4563 899 4639 ἐπιτρέπειν
912 4567 944 4633 G,
963 4568 1048 4622 sehon
1060 4566 1131 4636 conj.
1144 4585 1169 4624 v.
1179 4566 1299 4634 Wettet„
1318 4565 1344 4620 d.
1356 4565 1416 4620 flbr.
1428 4564 1499 4620 ΗΒΕ.
1512 4561 1654 4637 ἐπιτρέπει
1669 4565 1673 4632 Ι

368 4651 478 4710 24-26
496 4643 537 4708 ὧν
549 4682 583 4692 -
595 4652 687 4724 δόγμα
706 4661 739 4712 <
756 4651 817 4706 Rus.
