3744 5524
358 501 415 562 112
912 490 1102 547 Adamantius.
1250 490 1290 546 De
1307 491 1337 546 la
1353 493 1412 547 Rue
1429 491 1455 544 II
1472 491 1654 549 esec-8330.

438 660 505 725 ΑΔ.
546 650 649 726 Ἐπάν
678 663 917 744 προληφθεῑσα
948 652 1037 744 ψυχή
1068 651 1135 726 ἀπὸ
1164 661 1282 725 κακῶν
1315 661 1523 744 κατασχεθῇ,
1558 653 1655 745 μόλις

355 751 534 826 ἀνανεῦσαι
562 752 727 839 βούλεται.
770 751 813 824 τὰ
844 758 927 843 γοῦν
955 761 1070 836 καλῶς
1099 752 1191 841 παρὰ
1221 759 1271 842 τῷ
1303 749 1486 844 ἀποστόλῳ
1512 763 1655 844 κείμενα,

318 870 337 924 (1
354 860 461 926 ταῦτα
475 861 589 938 κακῶς
604 872 696 926 νοεῖν
711 856 942 942 ἐπιχειροῦσιν,
966 850 1007 925 ού
1026 852 1089 944 γάρ
1104 853 1211 925 ἄλλον
1226 853 1311 926 θεὸν
1332 852 1538 944 βουλόμενος
1553 858 1655 940 δεῖξαι

355 949 373 1026 6
399 949 594 1037 ἀπόστολος
619 959 724 1026 τοῦτο
751 955 858 1037 εἶπεν,
888 949 973 1025 ἀλλά
998 959 1075 1043 περὶ
1102 961 1175 1025 τῶν
1204 948 1370 1024 ἀπίστων·
1400 951 1442 1026 τὸ
1472 958 1508 1024 δὲ
1538 951 1654 1044 ῥητόν,

320 1048 432 1124 5καθ’
454 1049 646 1140 ύπέρβατον
667 1061 834 1142 κείμενον,
865 1059 909 1140 τῇ
929 1049 1072 1145 ύμετέρᾳ
1094 1050 1264 1142 προλήψει
1286 1045 1398 1136 ούτως
1419 1055 1497 1141 ἔχον
1519 1073 1653 1127 νοεῖται.

355 1156 384 1222 εἰ
410 1157 446 1223 δὲ
473 1151 585 1271 βούλει
612 1155 788 1241 ἐπιστήσαι
814 1159 857 1240 τῇ
884 1149 1039 1244 ἀληθείᾳ,
1071 1151 1185 1223 ἄκουε·
1216 1145 1310 1225 οῦτω
1336 1150 1400 1240 γάρ
1421 1149 1581 1242 νενόηται
1603 1161 1654 1245 τῷ

355 1247 538 1342 ἀποστόλῳ
555 1258 675 1341 λέγειν·
697 1256 738 1323 ἐν
751 1251 825 1336 οἷς,
849 1257 960 1372 φησίν,
975 1246 1104 1335 όθεός
1119 1259 1201 1324 τοῦν
1220 1247 1403 1324 ἀπίστων
1423 1281 1494 1324 του
1478 1259 1655 1338 αἰῶνος

354 1350 505 1424 τούτου
525 1349 731 1439 ἐτύφλωσε
752 1350 801 1422 τόι
822 1348 1010 1441 νοήματα.
1046 1350 1134 1424 οἱ
1097 1379 1161 1440 γαρ
1179 1349 1224 1442 μὴ
1239 1350 1458 1436 πιστεύοντες
1473 1351 1655 1441 ἄνθρωποι

285 1469 336 1524 833
354 1457 406 1541 τῷ
428 1456 516 1540 θεῷ,
548 1441 646 1522 οῦτοι
672 1457 898 1540 τυφλοῦνται,
930 1452 997 1540 (ἵνα
1023 1450 1068 1541 μή
1095 1457 1150 1522 καὶ
1169 1457 1174 1540 Ι
1193 1456 1360 1533 συνιέντες
1382 1477 1655 1540 καταφρονωσιν.

303 1545 373 1623 106
405 1549 477 1639 γὰρ
508 1556 667 1634 δοῦλος,
703 1558 820 1638 φησίν,
857 1545 876 1622 6
906 1550 1026 1641 γνούς
1059 1557 1124 1622 καὶ
1159 1548 1207 1638 μή
1242 1547 1412 1639 ποιήσας
1441 1550 1655 1672 δαρήσεται

353 1647 497 1735 πολλό,
526 1644 608 1723 οδε
628 1679 677 1740 μη
699 1677 834 1738 γνους
864 1648 1035 1740 ποιησας
1057 1655 1097 1721 δε
1120 1649 1208 1735 agea
1229 1656 1408 1739 πληγων
1415 1648 1654 1770 δαρήσεται

353 1745 476 1839 όλλγα.
519 1745 777 1838 φειδόμενος’
739 1779 802 1822 ουν
824 1743 843 1820 6
865 1749 947 1834 θεὸς
968 1761 1095 1837 τυφλοῖ
1114 1756 1188 1820 τιῦν
1210 1747 1366 1822 ἀπίστων
1387 1746 1450 1820 τόν
1471 1756 1569 1835 νοῦν,
1600 1761 1655 1824 καὶ

353 1879 401 1933 ως
431 1845 560 1938 ἀγαθὸς
589 1856 646 1920 καὶ
678 1855 783 1922 τοῦτο
817 1854 917 1939 λέγει·
952 1848 1026 1920 ἐὰν
1049 1849 1096 1939 μὴ
1133 1847 1374 1939 πιστεύσητε
1404 1846 1495 1922 οῦδὲ
1531 1847 1576 1921 ού
1606 1850 1654 1942 μή

353 1955 508 2038 συνῆτε.
551 1954 579 2021 εἰ
614 1954 649 2020 δὲ
681 1960 898 2037 φιλονεικεῑς,
934 1947 1035 2020 ἀιιουε
1065 1955 1172 2021 τοῦτο
1205 1955 1261 2020 καὶ
1291 1948 1383 2037 παρὰ
1413 1956 1476 2020 τοῦ
1506 1957 1655 2040 Χριστοῦ

302 2066 335 2120 15
353 2044 556 2139 γενόμενον.)

436 2155 512 2218 ΜΚ.
556 2153 664 2220 Τοῦτο
686 2145 819 2236 ἀγαθοῦ
839 2153 924 2219 θεοῦ
945 2151 1016 2220 ἐστι
1037 2146 1079 2219 τό
1101 2154 1269 2236 τυφλοῦν,·

436 2254 504 2318 ΑΔ.
547 2243 580 2318 ‘0
615 2253 676 2338 μὲν
706 2245 906 2338 δημιουργὸς
937 2245 1017 2328 τούς
1046 2243 1198 2330 ἀπίστως
1234 2243 1328 2335 αύτῷ
1364 2255 1655 2340 προσερχομένους

352 2358 490 2436 τυφλοῖ·
513 2340 555 2418 ὃν
570 2352 606 2418 δὲ
626 2353 730 2435 λέγεις
745 2342 970 2436 ἀγαθῶτερον
983 2353 1047 2418 τοῦ
1062 2352 1272 2436 δημιουργοῦ,
1294 2346 1358 2419 τὸν
1373 2344 1531 2434 Χριστόν,
1554 2348 1655 2421 ἄκουε

352 2454 428 2531 πιῦς
449 2451 578 2519 κελεύει
599 2452 769 2536 βληθῆναι
783 2444 864 2528 τούς
877 2444 923 2536 μή
937 2444 1162 2529 πιστεύοντας
1182 2441 1276 2536 αύτῷ
1300 2450 1354 2530 εἰς
1375 2444 1421 2518 τὸ
1444 2444 1588 2532 σκότος
1609 2446 1654 2520 τό

282 2558 334 2615 20b
352 2549 564 2635 ἐξώτερον,
596 2539 700 2617 ὅπου
730 2539 749 2616 6
779 2542 987 2635 κλαυθμὸς
1015 2552 1080 2616 καὶ
1107 2539 1127 2617 6
1152 2544 1323 2635 βρυγμὸς
1348 2553 1431 2618 τῶν
1457 2542 1654 2635 ὀδόντων,

351 2654 428 2730 πιῦς
449 2652 484 2718 δὲ
505 2654 561 2717 καὶ
587 2639 606 2717 6
635 2640 841 2730 ἀπόστολος,
873 2651 936 2717 τοῦ
961 2641 1096 2735 ἀγαθοῦ
1117 2642 1181 2730 ὢν,
1212 2653 1422 2735 παραδίδωσι
1447 2653 1499 2738 τῷ
1526 2653 1656 2741 σατανᾷ

352 2747 434 2832 τούς
460 2741 668 2834 ἀνθρώπους
698 2750 820 2833 λέγων·
854 2748 1065 2830 παρέδωκα
1090 2743 1163 2817 τὸν
1193 2751 1389 2817 τοιοῦτον
1417 2753 1474 2837 τῷ
1506 2753 1656 2840 σατανᾷ

353 2852 409 2930 εἰς
430 2839 614 2933 ὄλεθρον.
649 2850 684 2914 τί
704 2835 766 2916 οῦν
780 2842 886 2914 ἐστι’
865 2871 1012 2933 αμεινον,
1031 2850 1246 2931 τυφλοῦσθαι
1265 2845 1345 2928 τοῦς
1365 2845 1411 2935 μή
1432 2844 1655 2930 πιστεύοντας

353 2953 404 3037 τῷ
426 2952 513 3036 θεῷ,
544 2941 635 3034 ήείς
656 2942 697 3016 τὸ
720 2940 843 3026 σκότος
864 2940 1059 3029 βάλλεσθαι,
1089 2949 1145 3014 καὶ
1167 2951 1218 3035 τῷ
1241 2951 1372 3038 σατανᾷ
1392 2949 1655 3034 παραδίδοσθαι;

302 3054 336 3109 25
437 3051 557 3114 EYTP.
597 3038 631 3114 ‘0
661 3043 902 3130 τυφλωθεὶς
890 3042 966 3125 ενὸς
1000 3039 1108 3130 μόνον
1137 3049 1258 3133 μέλους
1287 3041 1399 3117 πόνον
1434 3045 1559 3134 βραχύν
1594 3051 1656 3116 νῦν

353 3139 516 3234 ύπέμεινε,
539 3150 613 3214 τῶν
627 3150 761 3213 λοιπῶν
775 3149 890 3230 μελῶν
905 3143 1008 3214 οωων
1027 3135 1151 3228 όντων,
1175 3138 1194 3214 6
1210 3148 1245 3214 δὲ
1267 3151 1403 3234 βληθεὶς
1418 3149 1464 3228 εἰς
1478 3145 1520 3218 τὸ
1536 3142 1658 3228 σκότος

354 3242 396 3315 τὸ
418 3242 600 3362 ἐξωτερον,
632 3238 722 3314 ὅπου
743 3236 762 3313 6
784 3239 960 3331 κλαυθμός
980 3237 1077 3312 καὶι
1058 3271 1077 3313 ο
1099 3242 1242 3332 βρυγμὸς
1265 3251 1339 3314 τιῦν
1360 3239 1530 3330 ὀδόντων,
1560 3239 1657 3316 καὶὸ

355 3349 406 3432 τῷ
428 3347 556 3434 σατανᾷ
576 3347 785 3430 παραδοθεις
798 3371 869 3412 παι
872 3370 944 3412 των
966 3335 1175 3427 ἀπαξαπλως
1197 3348 1271 3414 τῶν
1292 3350 1406 3433 μελων
1428 3341 1597 3433 βλύβην’
1576 3373 1658 3415 υπο-

322 3448 518 3532 ομένουσιν.
561 3440 699 3530 ἄμεινον
730 3433 792 3512 οῦν
823 3441 898 3523 ενός
927 3447 1048 3531 με’λους
1083 3438 1210 3530 βλάβην
1240 3438 1417 3532 ὑπομεῖναι
1448 3439 1470 3532 ιΙ
1505 3437 1590 3516 ῦλον
1616 3440 1657 3514 τό

304 3549 339 3605 30
356 3547 452 3631 σιῦμο
474 3539 632 3624 βασάνοις
654 3544 911 3630 παραδίδοσθαι.

441 3695 566 3766 ιο-ιε]
587 3695 803 3761 L612:47,48.
825 3725 859 3736 -
882 3696 978 3766 ιειιι]
1001 3696 1053 3750 ιιι.
1072 3699 1100 3752 7:
1118 3698 1142 3752 ο.
1166 3727 1197 3736 -
1217 3695 1315 3767 ιοιεο]
1334 3697 1384 3751 εει.
1397 3699 1443 3754 22:
1457 3700 1502 3766 13,
1524 3699 1608 3755 8:12.
1626 3727 1660 3737 -

358 3780 453 3851 εειεε]
472 3780 561 3835 εοοε.
573 3783 601 3837 τι
613 3782 638 3835 5.

443 3897 460 3952 2
484 3893 647 3966 ἀνανεῦσαι]
659 3896 717 3951 .Die
734 3895 897 3968 Bedeutung
919 3896 1005 3952 dieses
1024 3896 1134 3952 Worbes
1156 3897 1194 3953 ist
1214 3898 1293 3954 nicht
1314 3898 1384 3954 klar.
1419 3899 1511 3954 Sohon
1531 3898 1561 3952 in
1577 3897 1661 3954 Rufi’s

356 3982 416 4038 zeit
433 3982 488 4053 gab
506 3998 534 4036 οε
547 3981 614 4036 zwei
626 3982 681 4036 LA.
710 3981 748 4037 Er
758 3981 909 4037 flbersetzt:
927 3981 1062 4050 respicere
1078 3987 1127 4037 aut
1143 3983 1282 4051 respirare
1299 3984 1326 4040 d.
1337 3985 1364 4038 h.
1377 3979 1560 4040 ἀναπνεῦσαι
1589 3983 1660 4038 Pon:

357 4067 487 4120 renovari
504 4064 569 4120 ἁλι.
588 4063 782 4124 ἀνανεοῦσθαι
796 4068 801 4136 Ι
816 4068 833 4123 ῦ
850 4067 1011 4138 προσλήψει
1029 4067 1055 4124 d.
1067 4067 1145 4131 flss„
1164 4071 1247 4139 προλ.
1259 4067 1370 4123 Ἦεεοεῦ
1386 4069 1391 4136 Ι
1407 4069 1426 4124 6
1444 4063 1590 4138 ἐπιστῆναι
1605 4069 1641 4124 13¹
1655 4069 1661 4138 Ι

358 4151 397 4208 18
415 4148 480 4206 οὐδὲ
497 4147 540 4221 οὐ]
559 4151 640 4220 Lxx,
658 4167 768 4222 euagon.
781 4151 811 4218 Q,
830 4149 894 4208 οὐδὲ
909 4153 948 4221 μὴ
961 4167 1018 4206 συν.
1034 4153 1039 4220 Ι
1054 4151 1148 4208 9-15
1164 4147 1213 4207 ἵνα
1230 4153 1269 4222 μη
1281 4183 1316 4193 -
1327 4152 1484 4222 γενόμενον
1501 4154 1589 4208 findet
1604 4153 1662 4208 sieh

357 4235 436 4290 nicht
448 4235 479 4289 in
496 4235 580 4290 Rufi’s
592 4223 687 4291 Ubere.
718 4235 957 4293 Wahrsehoinlioh
974 4237 1025 4292 hat
1037 4236 1098 4294 Ruf.
1116 4235 1183 4304 hier,
1200 4237 1253 4292 wie
1271 4253 1307 4292 an
1323 4236 1415 4292 vielen
1426 4238 1547 4293 anderen
1559 4238 1662 4294 Stellen

358 4319 484 4390 gekflrzt,
507 4336 527 4374 ε.
546 4319 619 4377 Einl.
638 4323 654 4390 ἕ
672 4323 704 4378 11
729 4322 733 4388 Ι
757 4319 793 4378 14
815 4325 967 4391 φιλονικεῖς
984 4321 1005 4376 F
1028 4322 1089 4391 Ι,1ῦ
1107 4321 1259 4392 γινόμενον
1277 4321 1303 4376 d.
1321 4322 1401 4389 HSS„
1424 4321 1559 4390 »suetum«
1578 4323 1634 4378 Pie
1657 4323 1662 4392 Ι

360 4405 398 4461 16
414 4408 487 4460 θεοῦ
504 4405 648 4461 ABCEFH
664 4407 779 4472 Humfr„
797 4416 831 4466 <
849 4407 874 4463 (L
892 4407 951 4462 θοι.
972 4408 976 4474 Ι
997 4405 1036 4462 28
1058 4398 1109 4461 οὖν
1127 4405 1229 4473 CFGH,
1247 4416 1281 4467 <
1298 4406 1324 4460 d.
1342 4407 1401 4461 θῦε.
1421 4409 1426 4477 Ι
1447 4407 1487 4464 24
1507 4405 1664 4480 βάλλεσθαι

359 4487 461 4556 CDFH,
478 4488 619 4562 βάλεσθαι
637 4490 663 4547 d.
680 4491 740 4545 ssbr.
765 4494 769 4561 Ι
792 4493 841 4546 καὶ
858 4498 897 4565 τῷ
916 4491 986 4560 σαι]
1007 4495 1045 4545 »ιλ
1062 4491 1139 4546 trade·
1157 4491 1229 4546 Sais
1248 4492 1322 4557 Rufi,
1346 4489 1364 4561 ἢ
1380 4512 1403 4547 τ.
1423 4508 1447 4547 σ.
1466 4492 1491 4548 ἀ
1509 4492 1579 4548 HSS.
1613 4493 1663 4548 Die

358 4572 574 4647 Verwechslung
595 4594 620 4631 v.
642 4574 660 4645 ἢ
682 4593 708 4632 ω
726 4578 775 4632 καὶ
797 4578 827 4632 in
848 4576 902 4632 den
923 4576 995 4635 HSS.
1017 4576 1054 4632 ist
1075 4577 1201 4632 bekannt
1223 4576 1228 4644 Ι
1252 4576 1292 4632 80
1318 4577 1527 4648 παραδίδοσθαι
1551 4577 1663 4642 Ιτοταια..

359 4658 573 4728 παραδεδόσθαι
590 4661 616 4716 ἀ.
634 4660 706 4717 HSS.
