3744 5528
342 493 402 556 208
901 490 1090 546 Adamantius.
1300 487 1341 542 De
1357 486 1387 541 la
1404 487 1462 541 Rue
1479 485 1505 541 V
1522 487 1650 543 8600-2.

426 657 561 740 (ΕῩΤΡ.
597 658 639 724 Εί
656 651 800 743 ῥευστόν
822 646 885 743 [ἦν]
902 655 943 727 τό
966 661 1072 744 σῶμα,
1094 653 1212 740 ἕτερον
1228 647 1307 724 ἀνθ’
1330 651 1448 739 ἑτέρου
1461 645 1652 740 γινόμενον,

344 747 516 823 άδὺνατον
539 745 557 822 ὃ
581 744 624 841 ἦν
644 750 752 842 εὑρεῖν
774 753 816 826 τὸ
839 762 944 846 σῶμα,
970 751 1210 826 ἀνυπόστατον
1232 745 1316 841 <ὄν>.

427 858 529 922 ΜΑΡ.
572 859 668 938 Πῶς,

426 957 489 1020 Είί
490 959 547 1022 ΤΡ.
590 947 657 1023 Ἐπ’
680 949 871 1042 άνθροόπου
893 953 934 1026 τό
956 951 1164 1043 παράδειγμα
1191 957 1284 1038 λαβέ·
1316 945 1357 1022 ὃν
1379 949 1525 1040 τρόπον,
1552 953 1581 1020 εί
1602 977 1655 1032 τις

271 1048 502 1134 όδβοὺλοιτο
531 1048 600 1122 άπὸ
626 1060 734 1143 κηροῦ
766 1051 1005 1144 άνδροείκελον
1034 1051 1280 1125 κατασκευάσαι
1310 1059 1367 1122 καὶ
1397 1047 1568 1140 πρότερον
1591 1054 1655 1138 μὲν

342 1158 476 1243 βραχείᾳ
486 1148 671 1224 ὑποστάσει
680 1149 1005 1244 άπστυπωσάμενος,
1017 1146 1117 1236 αὖθις
1127 1149 1189 1242 <δ>
1201 1155 1320 1240 ἓτερον
1330 1150 1436 1240 κηρόν
1445 1153 1595 1237 ἐπιχέων,
1606 1154 1655 1232 είς

343 1245 430 1335 άιρσς
451 1257 505 1322 καί
528 1257 673 1340 μέγεθος
693 1250 853 1340 βούλεται
868 1258 973 1325 τοῦτο
990 1251 1165 1337 πλάττειν,
1190 1249 1366 1333 ἀδυνάτως
1381 1255 1472 1338 ίσχει,
1495 1241 1655 1338 οὔτεγὰρ

344 1348 385 1420 τό
406 1347 588 1441 γινόμενον
610 1356 730 1436 τέλους
751 1371 864 1441 τυχεῖν
887 1351 1079 1443 δυνήσεται,
1103 1359 1164 1443 τῆς
1186 1351 1327 1441 πρώτης
1349 1346 1568 1432 ὑποστάσεως
1589 1354 1653 1420 τοῦ

343 1456 451 1539 κηροῦ
476 1449 703 1542 ὑπεκρεσύσης
729 1460 785 1524 καί
817 1453 932 1541 ἑτέρας
958 1459 1148 1542 γινομένης,
1179 1445 1259 1523 οὔτε
1288 1445 1307 1522 ό
1340 1446 1655 1539 άνδροειιιελοποιός

293 1562 326 1616 10
344 1557 471 1622 τελέσει
498 1550 540 1622 τό
568 1553 716 1641 ἔργον·*)
744 1546 762 1622 ό
790 1558 826 1623 δὲ
857 1550 1056 1640 ἄνθρωπος,
1087 1551 1152 1641 τὴν
1182 1555 1219 1622 ἐκ
1245 1556 1378 1622 παίδων
1408 1555 1470 1622 τοῦ
1498 1547 1658 1637 σώματος

343 1645 530 1722 ὑπόστασιν
544 1653 639 1740 ἔχων,
655 1648 904 1740 προσλαμβάνει
919 1650 983 1742 τὴν
1000 1645 1147 1740 αὔξησιν,
1163 1648 1328 1741 μενούσης
1337 1654 1399 1738 τῆς
1408 1652 1562 1738 παιδικῆς
1570 1643 1653 1718 ὑπο-

345 1746 504 1831 στάσεως.
533 1743 617 1821 ὅθεν
636 1757 691 1820 καί
710 1759 784 1822 τῶν
800 1749 1006 1840 τραυμάτων
1022 1754 1055 1822 αί
1075 1747 1171 1822 οὑλαὶ
1186 1756 1278 1840 μέχρι
1298 1746 1411 1838 γήρως
1425 1753 1652 1837 παραμένουσι

311 1869 326 1906 0
343 1856 400 1919 καὶ
419 1852 453 1919 αί
473 1856 547 1919 τῶν
560 1857 676 1939 μελῶν
696 1847 882 1935 άποκοπαί,
905 1857 960 1920 καί
974 1850 1136 1942 περισσὸν
1151 1847 1192 1920 τὸ
1209 1856 1317 1937 λέγειν
1336 1846 1479 1937 ῥευστόν
1494 1847 1535 1918 τὸ
1551 1853 1654 1936 σῶμα.

428 1954 532 2019 ΜΑΡ.
576 1952 617 2018 Εἰ
637 1948 679 2021 τὸ
702 1955 739 2022 ἐκ
761 1957 895 2023 παίδων
914 1955 1008 2040 μέχρι
1038 1947 1148 2040 γήρως
1174 1956 1270 2038 σῶμα
1297 1944 1488 2032 άνίσταται,
1514 1943 1654 2034 άπσιιρι-

294 2055 326 2108 15
346 2043 466 2118 νάσθω
488 2042 610 2120 ὁποῖον
634 2049 713 2139 αίμα
736 2056 977 2123 συνανίσταται
1002 2057 1053 2140 τῷ
1076 2046 1265 2138 ἀνθρώπῳ,
1289 2045 1329 2118 τό
1344 2053 1381 2118 ἐν
1397 2064 1471 2128 ταῖς
1492 2055 1655 2133 φλεβοτο-

431 2203 449 2258 2
474 2199 613 2258 ἀθάνατον
636 2196 687 2260 οὖν
709 2199 803 2278 εὑρεῖν
825 2203 859 2262 τό
878 2211 960 2274 σῶμα
979 2201 1177 2260 ἀνυπόστατον
1195 2202 1221 2256 d.
1244 2206 1347 2272 Ausgg.
1377 2199 1474 2258 Worte
1491 2201 1563 2257 ohne
1580 2200 1657 2256 Sinn.

345 2287 420 2342 Stant
438 2279 488 2342 οὖν
505 2287 597 2343 haben
611 2289 730 2345 ABOFH
749 2287 790 2360 ἦν,
809 2289 832 2344 Ε
852 2287 868 2345 ὑ
887 2287 928 2358 ἣν.
958 2289 1032 2345 Jahn
1049 2307 1073 2344 a
1087 2307 1111 2343 ει
1124 2287 1155 2342 Ο.
1168 2287 1251 2357 conj.:
1271 2284 1346 2342 άδυν.
1360 2281 1376 2340 ό
1394 2283 1428 2355 ἦν
1445 2281 1538 2359 εὑρεῖν
1555 2287 1604 2340 καί
1620 2283 1656 2339 τό

347 2377 430 2440 σῶμα
449 2367 531 2427 άννπ.
562 2373 628 2427 Man
645 2375 722 2428 kann
739 2374 783 2430 die
796 2375 850 2429 LA.
863 2371 897 2443 ἢν
915 2376 958 2442 (=
968 2368 1004 2429 ἂν
1017 2371 1059 2443 ἦν)
1072 2373 1132 2428 hier
1147 2389 1195 2426 zur
1206 2371 1261 2426 Not
1273 2369 1383 2436 dulden,
1402 2371 1493 2426 besser
1506 2369 1608 2440 J'edooh
1619 2370 1658 2424 ἰεό

348 2452 413 2526 δῆν
432 2473 465 2510 zu
481 2456 558 2511 lesen
575 2457 633 2512 und
651 2459 700 2513 das
717 2463 788 2514 etsta
806 2457 840 2529 ἢν
853 2479 886 2514 zu
904 2459 1048 2514 streiohen.
1071 2459 1126 2513 Der
1138 2457 1213 2511 Veff.
1226 2459 1300 2525 sagt:
1318 2473 1348 2510 το
1359 2455 1397 2509 ἰοί
1407 2471 1436 2510 es
1448 2455 1607 2525 unmoglich
1623 2473 1656 2508 zu

348 2541 448 2607 finden,
458 2557 515 2595 was
525 2541 573 2595 der
581 2541 648 2596 Leib
656 2559 722 2607 τιατ,
733 2544 798 2600 weil
809 2561 838 2600 er
846 2546 919 2601 ohne
929 2545 1064 2599 Substanz
1073 2541 1109 2596 ist
1120 2542 1123 2610 ί
1137 2544 1151 2597 1
1167 2539 1194 2596 εί
1202 2537 1320 2607 ῥευοτόν
1330 2571 1362 2578 -
1372 2543 1407 2596 10
1413 2541 1520 2596 τελέσει
1527 2539 1561 2595 τό
1571 2534 1658 2612 ἔργον

347 2625 384 2681 ist
394 2625 574 2696 irrigerweise
583 2644 638 2681 von
649 2628 711 2682 Rus.
724 2628 790 2684 oder
801 2647 856 2683 von
868 2628 931 2683 dem
941 2629 1015 2684 Sohr.
1029 2627 1077 2681 der
1086 2627 1133 2681 Hs„
1146 2625 1328 2694 ausgelaasen.
1349 2624 1392 2679 Da
1402 2628 1488 2681 4—10
1499 2624 1562 2679 dem
1569 2624 1654 2680 Meth.

347 2713 525 2766 entnommen
533 2711 577 2774 ist,
588 2727 618 2766 so
629 2711 666 2767 ist
676 2729 704 2766 es
713 2714 755 2768 als
764 2715 827 2769 eoht
839 2732 873 2768 το
882 2713 1058 2780 batrachben)
1072 2703 1145 2766 λίπ’
1154 2707 1321 2782 ἀνθρ-Ιθ
1330 2708 1364 2765 τό
1374 2705 1469 2782 ἔργον]
1479 2709 1562 2764 Meta
1576 2708 1602 2764 S.
1611 2709 1656 2764 die

346 2794 412 2850 slav.
419 2785 514 2850 Ubers.
524 2795 774 2868 memsam,
784 2798 839 2868 vgl.
850 2798 915 2854 886
930 2798 935 2866 Ι
950 2792 1004 2852 66³
1014 2806 1046 2854 <
1057 2795 1164 2849 (11188.
1176 2797 1179 2859 1
1195 2794 1301 2862 7Jahn,
1311 2795 1395 2848 Meth.
1407 2795 1432 2849 S.
1441 2797 1483 2861 99,
1496 2794 1578 2864 οουγζι
1591 2793 1656 2867 βοὺ·

246 2867 255 2888 '
345 2884 425 2936 λοιτο
438 2887 531 2936 τοῦτο.
553 2881 633 2935 Danu
646 2881 712 2936 aber
722 2883 816 2936 wilxde
829 2883 878 2936 das
887 2882 1002 2936 Ρτεεεοε
1015 2875 1086 2950 ἴσχει
1098 2880 1175 2934 nicht
1186 2897 1283 2950 passen
1298 2881 1303 2946 l
1317 2877 1449 2934 πλάττων
1458 2879 1562 2946 Boon,
1575 2878 1655 2942 Jahn,

347 2981 371 3018 ε.
381 2981 406 3018 ε.
416 2963 456 3030 0.,
466 2965 537 3034 conj.
547 2959 612 3035 ἔχει,
626 2960 698 3035 ἴσχει
706 2966 743 3020 ἰοί
751 2967 818 3021 aber
826 2966 930 3036 richhig
943 2968 947 3035 Ι
963 2959 1039 3034 οὔτε]
1053 2959 1126 3019 οὑτω
1136 2963 1162 3016 d.
1171 2964 1251 3028 nss„
1263 2965 1319 3020 Pie.
1328 2965 1370 3018 lan
1380 2957 1445 3020 οότε
1460 2966 1465 3033 Ι
1484 2967 1498 3019 7
1512 2961 1659 3030 ἀδυνάτως

346 3043 418 3118 ἴσχει
430 3079 463 3088 -
477 3049 515 3104 10
534 3043 629 3122 ἔργον]
647 3051 702 3105 Der
713 3049 781 3104 Sinn
799 3050 887 3106 dieser
898 3050 995 3105 Worte
1013 3049 1050 3103 ish
1061 3049 1139 3103 nicht
1150 3051 1228 3104 recht
1239 3049 1309 3105 klar.
1339 3049 1455 3104 Warum
1466 3049 1534 3102 wird
1553 3067 1581 3104 σε
1594 3049 1656 3104 dem

345 3133 496 3188 Bildhauer
512 3134 673 3204 unmbglich
689 3135 768 3190 sein?
791 3136 839 3190 leh
855 3137 979 3190 vermute
996 3134 1059 3188 dass
1076 3133 1121 3188 <lie
1132 3133 1229 3188 Worte
1239 3139 1290 3202 τῆς
1302 3131 1565 3206 πρώτης-ἑτέρας
1576 3151 1654 3204 γενο-

345 3216 439 3288 μένης,
459 3217 564 3274 welche
584 3219 637 3273 den
655 3219 750 3274 Grund
769 3220 925 3285 ευίίιιιίίεο,
947 3235 1003 3274 von
1020 3218 1094 3272 ihrer
1110 3217 1343 3288 ursprssngliehen
1361 3218 1446 3274 Sbelle
1463 3218 1579 3289 gerflckt
1595 3217 1656 3271 sind

345 3303 403 3358 und
420 3302 557 3358 zwisohen
574 3297 645 3373 ἴσχει
662 3303 720 3358 und
738 3297 804 3359 όίτε
823 3304 951 3373 gehbren.
981 3303 1017 3357 Εε
1034 3303 1111 3357 kann
1129 3303 1195 3358 aber
1211 3304 1282 3357 auch
1303 3303 1371 3369 sein,
1390 3302 1453 3357 daus
1471 3302 1571 3357 andere
1588 3303 1654 3356 λίτο-

346 3388 419 3441 ίὶοίιε
436 3385 540 3454 Ἦοιίε,
559 3407 582 3442 z.
601 3388 630 3439 B.
649 3385 730 3456 εἰμὴ
748 3387 764 3456 η
784 3385 883 3460 πρώτη
901 3382 1056 3452 ὑπόστασις
1074 3385 1198 3455 διαμένει
1214 3387 1287 3441 nach
1305 3382 1378 3457 ίσχει
1396 3387 1568 3457 εοερείείΙεο
1585 3386 1654 3441 sind.

346 3471 438 3525 Dsher
455 3471 528 3526 habe
539 3471 585 3525 ioh
597 3471 651 3527 den
662 3471 733 3527 Text
743 3473 928 3526 unverandert
942 3472 1069 3541 gelmon
1084 3473 1088 3540 1
1105 3472 1142 3527 11
1163 3469 1360 3544 προλαμβάνει
1372 3472 1398 3526 d.
1410 3470 1480 3526 HSS.
1497 3474 1501 3540 ί
1518 3471 1556 3526 12
1575 3469 1656 3526 οὐλαὶ
1690 3531 1693 3536 ,

347 3574 366 3610 ε.
385 3555 411 3609 d.
430 3558 511 3610 Anm.
530 3556 638 3611 118601)
654 3557 658 3624 Ι
674 3555 713 3611 14
732 3553 937 3628 άποκρινάσθω
955 3555 1082 3622 ABGDF,
1101 3554 1300 3628 άποκρινάσθη
1318 3555 1349 3622 Ε,
1368 3553 1580 3627 ἀποκρίνασθαι
1598 3555 1656 3620 GH,

346 3638 453 3710 λεγέτω
476 3639 501 3694 (1.
525 3645 628 3710 Ausgg.
664 3639 715 3695 Die
736 3641 853 3711 Angabe
876 3641 902 3694 d.
923 3641 943 3692 1.
960 3640 1041 3695 Rue’s
1067 3640 1183 3710 ’Regius
1205 3639 1338 3694 secundus
1360 3637 1482 3710 λεγέτωι
1507 3641 1544 3694 ist
1564 3639 1656 3710 ittig!

348 3725 385 3780 15
406 3722 509 3780 ὁποῖον
528 3717 599 3793 αἷμα
621 3721 688 3795 τετε]
707 3726 771 3795 vgl.
789 3725 930 3782 metm.
943 3726 975 3781 8.
988 3725 1039 3796 88,
1063 3725 1088 3778 d.
1107 3725 1175 3778 slav.
1192 3713 1296 3790 Ubers„
1314 3743 1340 3778 u.
1359 3725 1392 3780 89
1416 3722 1483 3780 »ἐάν
1500 3725 1530 3782 δὲ
1551 3742 1657 3797 προσα·

347 3811 528 3880 πορησωμεν,
548 3810 825 3882 συμπεριφερόμενοι
843 3816 878 3879 τῇ
897 3806 1079 3880 άκεραιότητι
1097 3808 1198 3876 αὐτῶν,
1217 3808 1243 3866 εί
1260 3811 1501 3878 σνναναστησεται
1517 3808 1552 3866 τά
1571 3807 1656 3883 ἀπορ-

347 3892 488 3968 ρεὺσαντα
507 3891 537 3949 ἐν
556 3896 758 3967 φλεβοτομίαις
776 3891 884 3964 αίματα
905 3897 954 3950 καί
972 3892 1075 3968 σάρκες
1092 3897 1141 3949 καί
1158 3896 1252 3967 τρίχες
1270 3890 1300 3950 αί
1317 3891 1435 3950 πώποτε
1452 3895 1617 3965 γενόμεναι,
1640 3893 1660 3964 ἢ

347 3977 434 4046 μόναι
453 3975 483 4033 αί
500 3977 573 4051 πρὸς
590 3985 626 4048 τῇ
643 3977 730 4052 ἐξόδῳ
743 4011 776 4019 -
788 3980 957 4052 θλιβόμενοι
976 3977 1016 4044 εἰς
1033 3977 1066 4034 τό
1084 3977 1135 4034 τόν
1152 3977 1224 4034 θεόν
1241 3987 1334 4035 ποιεῖν
1354 3974 1372 4034 ὑί
1391 3977 1523 4052 βοὺλεται
1541 3981 1657 4048 (Βοοππ

347 4059 388 4127 εἰς
404 4061 439 4117 τό
456 4069 497 4136 τῷ
514 4066 575 4136 θεῷ
594 4073 686 4120 ποιεῖν
704 4059 722 4119 ά
740 4063 874 4137 βούλεται
893 4066 966 4134 (δεῖν
984 4060 1171 4136 ἐπιτρέπειν»
1189 4062 1403 4136 προοτρίχουσι.
1439 4061 1467 4119 σί
1484 4064 1514 4120 δὲ
1532 4064 1660 4135 γενναιό-

347 4165 425 4219 τεροι
443 4145 544 4213 αὐτῶν,
565 4143 613 4204 ίνα
631 4151 670 4218 μὴ
689 4145 906 4220 ἀναγκάζωνται
923 4148 959 4206 τά
978 4146 1049 4205 αίτά
1069 4144 1176 4218 αίματα
1195 4157 1365 4218 συναγαγεῖν
1383 4155 1423 4221 τῷ
1442 4149 1531 4222 λόγῳ,
1554 4143 1572 4204 ά
1591 4151 1658 4204 πολ-

347 4229 428 4298 λάκις
445 4228 656 4304 άπεκκριόῆναι
672 4239 730 4288 τῶν
748 4234 891 4303 σωμάτιον
908 4235 989 4305 ἡμῶν
1008 4232 1123 4305 συνέβη,
1148 4234 1216 4301 φασί
1233 4231 1267 4287 τό
1286 4229 1332 4287 ἐπὶ
1349 4231 1422 4289 τέλει
1439 4231 1521 4302 ἡμῶν
1538 4230 1658 4301 ἀναστό-

349 4320 451 4372 σεσθαι
463 4323 554 4386 σῶμα.
579 4317 634 4372 Das
644 4318 729 4373 stfiek
741 4319 788 4374 de·
798 4321 893 4386 Meth„
905 4335 984 4373 ποτε
997 4318 1071 4371 diese
1080 4316 1177 4373 Worte
1189 4317 1318 4387 gehbren,
1331 4319 1408 4387 ίτίίρὺ
1420 4315 1465 4372 δίε
1473 4305 1657 4373 Uberschrist:

350 4401 412 4455 Τῶν
427 4393 591 4474 Ὡριγίνους
609 4399 738 4472 ἐπιτομὴ.
769 4403 832 4474 Vgl.
851 4401 949 4474 Epiph.
967 4403 1035 4457 Pan.
1054 4400 1080 4457 S.
1093 4403 1144 4458 533
1155 4419 1181 4456 u.
1194 4403 1252 4468 535,
1270 4401 1444 4458 ed.1>ind.11
1462 4401 1487 4454 S.
1499 4404 1550 4457 597
1561 4419 1587 4454 u.
1600 4401 1658 4456 599.

348 4485 404 4540 Der
420 4485 491 4542 Text
508 4487 555 4542 des
573 4486 645 4542 Dial.
663 4488 700 4541 ist
719 4486 780 4541 hier
802 4489 879 4542 nicht
900 4487 1057 4542 unverletzt
1076 4486 1234 4557 geblioben:
1261 4486 1308 4541 bei
1324 4484 1357 4542 τό
1376 4483 1485 4552 ἐντοῖς
1503 4489 1582 4558 φλεβ.
1600 4501 1657 4539 ver·

348 4568 450 4624 ωἰεεεο
471 4571 522 4625 wir
544 4571 588 4626 ein
605 4571 740 4641 Ρετίίοἰρ,
768 4571 827 4625 und
844 4568 917 4628 ἀλλά
934 4572 971 4626 ist
988 4571 1049 4626 hier
1066 4572 1262 4627 unerklhrlieh.
1297 4572 1366 4625 Man
1382 4571 1487 4626 ίτδοοίε
1503 4571 1660 4626 vermuten:

347 4653 381 4709 τό
399 4650 431 4710 ἐν
448 4673 472 4710 τ.
490 4659 536 4726 φλ.
554 4651 737 4728 ἀπορρεῦσαν
756 4655 810 4724 (od.
828 4653 1030 4727 άπαλλαχόὲν),
1048 4655 1066 4726 ἢ
1083 4655 1116 4710 τό
1135 4653 1166 4712 ἐν
1183 4676 1207 4712 τ.
1226 4653 1286 4724 αίμ.
1304 4657 1360 4728 vgl.
1378 4655 1439 4714 Rus.
