3744 5528
221 457 333 531 Caspari
350 458 377 512 V
394 474 417 513 c.
434 459 459 511 a
477 459 502 513 5.
813 455 923 525 Dialcg.
1465 464 1523 528 183

219 628 303 694 filius
325 626 461 694 hominis
483 625 646 705 moeretur,
672 623 747 710 quia
767 628 860 689 natus
886 647 949 690 non
971 625 1084 691 fuisset
1110 647 1148 692 ex
1172 625 1318 691 homine?
1354 625 1416 691 Uel
1437 631 1525 692 certe

220 751 276 795 cur
305 750 369 793 non
396 728 491 793 etiam
520 725 621 791 sancti
650 725 763 809 angeli,
793 726 821 790 si
847 727 973 808 quando
1004 725 1244 809 dispensationis
1274 725 1406 792 alicuius
1431 748 1526 794 causa

220 831 432 912 apparuerunt
460 825 648 904 hominibus,
678 825 712 889 in
742 825 857 909 quibus
887 825 1059 890 similitudo
1094 825 1197 909 magis
1230 827 1394 891 hominum
1430 849 1526 911 quam

219 927 396 994 substantia
422 930 500 1005 erat,
531 947 587 990 cur
612 948 676 991 non
705 924 800 990 etiam
825 925 887 1008 ipsi
916 947 935 988 a
960 927 1116 1008 scriptura
1145 925 1204 990 filii
1232 926 1395 991 hominum
1422 927 1525 1011 magis

185 1041 315 1110 squam
336 1027 479 1092 homines
501 1024 653 1110 appellati
674 1026 768 1090 sunt?

302 1131 388 1191 llam.
409 1130 450 1191 dr
481 1123 609 1190 Certum
639 1130 687 1190 est
716 1125 791 1210 quia
821 1147 884 1190 non
909 1129 975 1190 tam
1005 1125 1213 1190 substantiam
1242 1125 1377 1191 hominis
1408 1125 1528 1191 indicat

219 1224 411 1290 uocabulum
432 1224 492 1289 filii
511 1225 648 1289 hominis
671 1247 767 1309 quam
787 1227 848 1291 hoc
870 1228 955 1310 quod
978 1247 1016 1289 ex
1037 1224 1164 1290 homine
1185 1228 1278 1290 natus
1301 1231 1356 1292 est.

302 1733 327 1777 c.
349 1711 390 1780 V.
425 1717 502 1777 Mar.
532 1715 571 1776 d:
606 1709 678 1794 Ego
708 1710 769 1776 hoc
800 1709 870 1776 dico
907 1709 981 1794 quia
1014 1711 1097 1776 sicut
1126 1709 1243 1795 angeli,
1279 1711 1335 1795 qui
1363 1710 1425 1776 uisi
1455 1715 1529 1775 sunt

219 1810 374 1888 Abrahae,
394 1812 666 1882 manducauerunt
688 1814 719 1875 et
739 1810 887 1875 biberunt
908 1813 939 1874 et
959 1809 1058 1875 locuti
1079 1815 1161 1891 sunt,
1182 1811 1227 1875 ita
1248 1813 1281 1875 et
1302 1809 1453 1876 Christus.

169 1924 202 1978 10
301 1915 355 1975 Ad.
370 1915 410 1975 d:
431 1908 516 1974 Ante
538 1911 710 1974 aduentum
725 1908 842 1975 Christi
863 1909 982 1975 fiebant
1002 1909 1182 1975 huiusmodi
1196 1910 1342 1988 uisiones,
1363 1910 1528 1993 inquibus

219 2010 340 2092 figurae
370 2013 402 2074 et
431 2008 551 2074 formae
580 2010 760 2075 firturorum
789 2009 996 2093 signarentur.
1040 2007 1120 2073 Cum
1150 2012 1256 2074 autem
1285 2009 1374 2074 uenit
1403 2009 1527 2082 ueritas,

219 2109 338 2194 figurae
369 2113 531 2174 cessarunt
564 2111 736 2175 secundum
771 2108 950 2191 apostolum
980 2108 1149 2173 dicentem:
1183 2113 1248 2172 Lea
1277 2115 1358 2174 caim
1387 2105 1527 2174 umbram

218 2213 328 2274 babeas
357 2213 537 2290 futurorum
571 2213 717 2274 tomorum
752 2207 827 2289 (aaa
861 2213 959 2289 ipsam
993 2211 1157 2288 taracinam
1189 2209 1312 2291 rauca).
1349 2207 1384 2273 Si
1418 2212 1524 2273 autem

221 2307 364 2376 Christus
385 2309 487 2373 adhuc
508 2309 542 2372 in
560 2310 672 2373 umbra
693 2311 725 2372 et
746 2307 848 2390 figura
868 2307 964 2386 uenit,
986 2306 1068 2372 sicut
1089 2310 1121 2370 et
1140 2307 1174 2371 hi
1196 2309 1251 2391 qui
1272 2308 1306 2371 in
1325 2308 1397 2392 lege
1419 2308 1528 2391 scripti

170 2422 202 2475 15
221 2412 295 2473 sunt
315 2407 368 2472 uel
390 2407 473 2473 sicut
493 2406 600 2491 angeli
621 2411 783 2486 uenemnt,
804 2427 931 2472 necesse
952 2408 1000 2471 est
1021 2409 1284 2489 ergosecundum
1306 2411 1393 2472 tuam
1408 2413 1531 2473 senten·

220 2507 298 2572 tiam
312 2507 410 2572 alium
424 2528 482 2571 nos
498 2510 677 2590 exspectare
692 2505 924 2571 substantiuum
939 2505 1108 2584 Christum,
1130 2506 1186 2589 qui
1200 2527 1273 2571 uere
1294 2507 1379 2571 filius
1393 2507 1530 2572 hominis

221 2607 262 2672 sit
283 2606 417 2686 futurus,
447 2611 479 2671 et
500 2607 650 2690 quiuere
671 2606 887 2689 propeccatis
913 2607 1029 2671 nostris
1056 2605 1211 2671 moriatur
1236 2609 1268 2670 et
1294 2606 1471 2689 sepeliatur,
1503 2610 1535 2671 et

222 2707 276 2791 qui
297 2730 371 2772 uere
390 2711 536 2790 resurgat
557 2729 596 2771 ex
615 2707 760 2785 mortuis,
784 2709 815 2770 et
836 2705 892 2790 qui
913 2727 1021 2770 ueram
1043 2703 1135 2771 nobis
1157 2705 1298 2770 conferat
1318 2704 1460 2772 salutem.

303 2813 378 2873 Mur.
400 2812 440 2871 d:
471 2805 561 2870 siin
588 2805 690 2870 forma
715 2805 768 2870 uel
788 2805 822 2870 in
852 2804 954 2889 figura
975 2808 1127 2869 uenerant
1156 2803 1205 2869 illi
1232 2805 1344 2888 angeli,
1375 2809 1533 2889 quomodo

169 2917 204 2973 20
220 2909 491 2972 manducauerunt
510 2926 583 2970 cum
597 2905 758 2970 Abraham
778 2909 809 2969 et
828 2906 996 2970 biberunt?
1018 2905 1291 2970 Manducauerunt
1304 2927 1378 2970 uere
1393 2927 1434 2968 an
1448 2907 1533 2970 non?

311 3011 365 3070 Ad.
386 3010 426 3070 d:
451 3003 570 3089 Angoli
596 3004 670 3088 quia
689 3003 945 3087 praeformabant
970 3007 1002 3070 et
1022 3004 1279 3089 praefigurabant
1301 3005 1479 3080 ueritatem,
1500 3005 1535 3069 id

223 3111 271 3172 est
296 3105 463 3170 saluatoris
488 3106 668 3180 aduentum,
697 3089 966 3170 manducaueiunt
992 3103 1119 3188 quidem
1147 3126 1230 3183 uere,
1259 3107 1315 3169 sed
1342 3103 1466 3170 nullum
1495 3127 1534 3170 ex

221 3206 282 3271 hoc
304 3205 444 3289 corporis
466 3226 574 3270 eorum
603 3203 735 3269 accessit
760 3209 971 3288 augmentum
999 3204 1087 3286 quia,
1114 3205 1196 3269 sicut
1216 3205 1300 3290 ignis
1323 3205 1430 3269 omnia
1454 3224 1536 3287 quae

223 3307 253 3370 ei
274 3308 484 3370 admouentur
505 3305 651 3384 assumit,
673 3325 739 3368 non
759 3308 795 3368 ut
815 3305 882 3387 ipse
906 3303 990 3388 ignis
1012 3325 1050 3369 ox
1070 3304 1132 3368 hoc
1153 3307 1194 3368 ad
1216 3327 1305 3370 suam
1326 3303 1536 3371 substantiam

170 3416 205 3471 25
222 3405 343 3489 aliquid
368 3405 527 3488 acquirat,
555 3406 610 3469 sed
635 3408 671 3468 ut
693 3406 778 3487 quod
799 3403 925 3468 uidetur
946 3403 1126 3487 appositum
1148 3409 1365 3470 consumatur:
1393 3407 1439 3470 ita
1460 3425 1536 3491 ergo

221 3503 270 3570 illi
296 3502 401 3588 angeli
432 3504 487 3588 qui
515 3525 587 3568 cum
612 3504 780 3569 Abraham
806 3505 935 3569 fuerunt
964 3503 1077 3568 fecisse
1104 3503 1250 3568 credendi
1275 3509 1358 3569 sunt.
1394 3501 1479 3571 Nam
1506 3510 1537 3570 et

222 3604 385 3688 apostolus
411 3603 456 3668 ita
482 3603 572 3669 dicit:
598 3608 677 3669 Haec
703 3609 808 3669 ommia
828 3609 863 3669 tn
889 3609 990 3686 figura
1011 3607 1074 3668 illis
1094 3607 1309 3684 contingebam,
1335 3610 1446 3686 aalma
1466 3615 1539 3670 suat

221 3715 321 3769 autem
341 3709 381 3769 ad
400 3709 661 3769 commonitionem
682 3715 828 3781 matram,
850 3709 885 3768 in
906 3727 981 3786 quos
1001 3708 1078 3784 fiaes
1100 3708 1282 3770 amatorum
1303 3709 1491 3771 ammarum

308 3807 394 3870 llum.
409 3809 449 3869 d:
470 3802 679 3868 Adamantius
701 3803 762 3868 hoc
781 3803 860 3867 mihi
880 3804 1007 3869 uidetur
1026 3825 1164 3869 asserere
1186 3806 1270 3887 quod
1294 3825 1330 3868 ea
1352 3826 1433 3888 quae
1448 3805 1536 3888 prius

172 3906 314 3987 segesta
343 3907 417 3969 sunt
445 3901 579 3987 figuram
611 3903 807 3968 continerent
837 3907 869 3967 et
893 3903 1028 3968 sormam
1058 3903 1183 3968 firturae
1211 3903 1361 3969 ueritatis.
1397 3903 1440 3969 Et
1461 3906 1536 3988 quia

224 4002 329 4086 angeli
369 4003 445 4087 [qui]
486 4004 711 4068 descenderant
748 4003 868 4087 aliquid
904 4001 1118 4086 praefigurare
1158 4005 1195 4067 de
1235 4002 1365 4082 futuris,
1404 4008 1537 4089 egerunt

310 4127 327 4183 1
346 4125 425 4180 Naoh
444 4142 531 4180 ›non‹
551 4124 626 4180 steht
636 4124 675 4179 im
688 4125 754 4180 cod.
769 4143 870 4189 »sum«,
889 4126 942 4182 mit
959 4125 1049 4180 einem
1060 4125 1155 4180 Punkt
1166 4141 1216 4180 vor
1228 4143 1271 4178 »s«
1290 4125 1348 4179 und
1363 4125 1453 4182 einem
1465 4127 1537 4182 nach

228 4228 300 4276 »mm
318 4209 435 4266 Zeichan
452 4209 500 4265 der
515 4209 657 4266 Cessation
675 4208 722 4263 des
735 4207 836 4263 Worts.
852 4210 856 4277 Ι
874 4211 911 4266 12
931 4208 997 4266 Ood.
1010 4210 1159 4274 cessarunt,
1177 4207 1230 4262 mit
1247 4210 1281 4263 ae
1298 4210 1366 4265 uber
1383 4211 1432 4266 der
1443 4211 1515 4266 Zeila
1531 4213 1535 4280 Ι

226 4296 265 4352 26
286 4295 360 4366 ergo]
379 4293 492 4366 Gaspari
509 4293 569 4350 will
589 4294 704 4350 »stiam«
724 4293 790 4348 oder
809 4295 876 4360 »et«,
895 4313 935 4364 gr.
947 4295 1002 4350 nat
1021 4324 1055 4335 -
1067 4294 1108 4354 Bt
1125 4293 1164 4349 29
1184 4292 1250 4348 Cod.
1263 4311 1366 4350 asseras
1381 4294 1386 4362 Ι
1401 4295 1438 4351 81
1458 4294 1536 4349 Nach

227 4378 349 4449 »aliquid
366 4380 551 4450 praefigurare
569 4378 604 4434 de
620 4378 734 4432 bituris«
747 4378 785 4432 ist
797 4378 866 4434 aller
877 4377 1178 4434 Wehrscheinlichkeit
1194 4379 1267 4433 nach
1280 4378 1325 4433 ein
1337 4378 1459 4434 Verbum
1476 4396 1536 4433 aas·

226 4462 358 4534 gesallen,
378 4465 541 4520 »uenerant«
560 4462 627 4517 oder
644 4463 689 4518 ein
707 4463 857 4518 thuliches.
889 4462 1038 4520 Vislleicht
1053 4462 1091 4518 ist
1108 4454 1234 4518 indessen
1255 4463 1333 4533 ›qui‹
1347 4481 1398 4518 vor
1411 4463 1536 4520 »descen-

226 4548 338 4604 derant«
358 4566 392 4602 zu
413 4548 562 4616 strsichen,
584 4549 615 4602 in
633 4547 766 4604 walchem
783 4547 861 4603 Falla
884 4565 912 4604 es
929 4548 1025 4604 keiner
1043 4547 1211 4619 Erganzung
1227 4547 1333 4602 bedarf.
1368 4547 1434 4618 (Das
1451 4550 1537 4604 letata

225 4632 262 4686 ist
279 4631 377 4702 gewiss
395 4632 440 4688 die
458 4632 602 4688 leichteste
620 4632 774 4703 conjectus.
805 4632 891 4687 Odor:
909 4633 1184 4702 praefigurauerunt‘?
1201 4661 1235 4673 -
1247 4633 1289 4701 B).
