3744 5524
218 469 511 541 depremere.
774 425 918 540 ssoraog.
1466 477 1523 538 121

301 643 356 704 Ad.
368 643 407 704 d.:
421 636 538 710 Lucem
552 637 629 703 boni
643 642 675 702 et
688 636 832 703 tenebras
847 637 923 702 mali
937 637 1102 703 sensibiles
1117 637 1205 719 dicis,
1219 659 1260 701 an
1273 636 1524 702 intellectuales?
1645 648 1649 656 '

301 743 377 802 Mor.
399 743 440 804 d:
461 736 592 802 Interim
614 740 653 802 de
674 737 724 802 his
746 737 817 802 dico
840 758 921 821 quae
942 741 1103 821 apparent

302 843 387 903 lbet.
401 843 440 904 d:
458 837 530 903 Hoc
550 842 597 902 est
612 857 744 920 eaquae
758 837 910 914 uidemus,
929 837 1034 903 lucem
1049 841 1081 902 et
1093 839 1238 902 tenebras
1252 837 1286 902 in
1299 835 1349 901 die
1365 839 1396 899 et
1409 840 1521 901 nocte?

302 937 389 1019 (Mor.
410 942 450 1004 rt:
471 935 562 1020 leat)
1591 929 1595 938 ’

184 1046 201 1098 5
301 1042 356 1102 Ad.
378 1041 418 1102 a:
449 1034 552 1101 Simul
577 1035 800 1102 conuenientes
825 1035 859 1099 in
889 1057 987 1100 unum
1017 1039 1204 1100 consensum
1234 1034 1336 1100 bonus
1363 1039 1394 1100 et
1421 1035 1524 1100 malus

217 1137 322 1202 lucem
344 1141 376 1201 et
396 1139 541 1202 tenebras
563 1139 769 1202 creauerunt?

300 1241 377 1302 Mar.
399 1241 439 1302 d:
461 1235 544 1313 Quid
563 1235 666 1302 enim?
702 1233 864 1318 Scriptura
882 1255 947 1300 non
965 1233 1042 1299 dicit
1064 1233 1139 1318 quia
1153 1238 1245 1298 Nullo
1260 1237 1381 1298 aocr‘etm
1403 1244 1446 1298 cat
1466 1237 1526 1298 roei

218 1342 257 1401 od
278 1341 414 1417 codrus,
434 1359 528 1418 oeque
552 1340 664 1402 Christi
683 1339 722 1400 rut
741 1337 856 1399 Belial?

302 1441 358 1502 Ad.
376 1441 418 1501 d:
439 1435 604 1512 Quomodo
626 1454 701 1520 ergo
723 1434 857 1500 societas
879 1437 927 1498 est
946 1433 1012 1499 luci
1034 1436 1075 1497 ad
1095 1432 1259 1498 tenebras?

168 1539 201 1594 10
302 1541 377 1601 Mor.
392 1541 431 1600 d:
452 1533 552 1600 Nulla
567 1534 611 1600 eis
626 1534 759 1599 societas
775 1537 830 1612 est,
852 1555 909 1598 nec
925 1532 1046 1615 aliquid
1066 1531 1184 1597 habent
1198 1531 1280 1597 iuter
1294 1554 1327 1597 se
1350 1553 1525 1597 commune.

221 1633 294 1700 Suis
315 1635 456 1700 terminis
478 1635 627 1700 horarum
653 1639 685 1698 et
709 1635 857 1699 tenebrae
879 1632 1054 1697 uoluuntur
1076 1635 1108 1696 et
1128 1630 1192 1696 lux.
1234 1631 1409 1697 Duodecim
1430 1631 1526 1694 h'abet

219 1734 275 1798 lux
295 1756 369 1799 suas
389 1735 483 1800 horas
505 1739 537 1799 et
558 1733 723 1799 duodecim
745 1733 902 1798 tenebrae.

303 1838 389 1899 Eub.
404 1840 443 1898 d:
467 1832 501 1899 Si
523 1833 616 1898 unius
638 1837 686 1899 est
706 1833 762 1897 lux
784 1836 815 1897 et
836 1831 964 1896 alterius
988 1835 1062 1896 sunt
1085 1830 1240 1910 tenebrae,
1260 1827 1456 1912 impossibile
1478 1831 1526 1892 est

220 1932 354 1997 alterum
380 1953 452 1997 cum
478 1933 577 1997 altero
603 1933 785 2012 conuenire,
815 1930 877 1996 nisi
902 1930 984 1997 forte
1011 1954 1048 1996 ex
1074 1951 1228 1996 consensu
1250 1933 1426 1994 creatorum
1447 1927 1527 1993 alter

168 2041 201 2095 15
220 2033 310 2097 alteri
341 2035 438 2098 cedat
480 2031 635 2116 Alioquin
659 2031 841 2097 auctoribus
872 2031 950 2114 ipsis
980 2029 1215 2096 dissonantibus
1243 2027 1439 2112 impossibile
1467 2027 1527 2092 erit

222 2153 317 2216 opera
339 2153 447 2196 eorum
469 2131 531 2197 sibi
551 2131 688 2198 inuicem
710 2131 846 2197 obedire.

306 2352 331 2396 c.
352 2330 395 2400 V.
436 2337 493 2397 Ad.
514 2336 554 2396 d:
583 2330 699 2395 Adbuc
728 2327 945 2394 manifestiora
971 2327 1129 2410 proferam
1156 2350 1194 2392 ex
1224 2329 1338 2412 quibus
1364 2325 1526 2408 responsio

223 2430 290 2496 eius
311 2430 346 2493 in
367 2431 550 2514 angustiora
573 2434 738 2509 coartetur,
760 2430 835 2512 quia
856 2451 896 2494 ne
918 2428 1005 2512 ipsae
1027 2427 1155 2511 quidem
1176 2428 1323 2491 tenebrae
1344 2427 1528 2509 permittent

224 2531 253 2595 ei
274 2532 353 2595 duos
374 2529 573 2595 introducere
596 2533 759 2594 creatores.

170 2637 206 2692 20
305 2635 392 2694 lbctr.
413 2634 452 2694 u:
475 2627 660 2704 Quomodo?

305 2733 360 2793 Ad.
374 2733 414 2794 d:
435 2729 524 2808 Quia,
547 2732 580 2793 et
600 2729 628 2793 si
648 2729 822 2792 secundum
842 2729 974 2792 uerbum
988 2725 1088 2809 ipsius
1103 2723 1270 2788 duodecim
1283 2724 1376 2788 horas
1398 2723 1528 2786 haberet

221 2827 276 2892 lux
303 2831 335 2893 et
359 2828 526 2892 duodecim
553 2827 712 2905 tenebrae,
742 2827 959 2891 ostenderetur
979 2847 1017 2890 ex
1038 2825 1099 2892 hoc
1118 2824 1188 2906 ipso
1209 2820 1303 2886 unius
1326 2822 1528 2905 eiusdemque

222 2929 273 2992 dei
292 2927 458 3010 utriusque
479 2927 575 3009 spatii
595 2925 780 2992 moderatio.
822 2923 917 2992 Nunc
939 2930 1043 2992 autem
1064 2947 1105 2990 ne
1126 2925 1187 2988 hoc
1209 2920 1336 3005 quidem
1357 2923 1461 3005 ipsum
1482 2921 1527 2984 ita

222 3031 276 3094 est
312 3025 397 3091 Nam
418 3027 452 3091 in
473 3025 600 3091 hiemali
621 3030 763 3108 tempore
783 3025 983 3091 tenebrarum
998 3025 1135 3108 spatium
1155 3024 1189 3087 in
1206 3021 1333 3105 longius
1354 3019 1528 3106 protelatur

304 3956 318 4012 7
336 3955 448 4026 Caspari
458 3954 524 4010 liest
536 3955 640 4026 (Non).
663 3954 734 4019 Quid
746 3953 840 4009 enim?
863 3951 1003 4022 Scriptura
1014 3969 1070 4008 non
1083 3952 1117 4018 d.‚
1135 3952 1192 4007 und
1203 3952 1341 4008 beurerlrt:
1360 3951 1527 4019 „Vielleicbt

218 4042 255 4096 ist
271 4041 349 4096 indos
368 4039 417 4094 dar
431 4058 517 4096 anon«
538 4041 674 4095 awiscben
693 4039 896 4110 ascripturum.
911 4036 1009 4091 ›dicit‹
1024 4037 1072 4091 dae
1086 4036 1187 4104 »Non«,
1205 4054 1262 4092 was
1273 4053 1323 4092 vor
1338 4036 1424 4101 ‚Qud
1436 4035 1524 4091 enimc

219 4125 371 4196 gastandan
388 4125 486 4202 beben¹
496 4128 595 4182 muse“.
626 4124 672 4194 (Es
689 4125 727 4179 ist
742 4122 872 4194 mdglicb,
890 4123 953 4177 dass
966 4121 1017 4178 wir
1028 4121 1099 4188 Quid
1116 4121 1191 4177 enim
1209 4121 1344 4191 scriptura
1361 4119 1435 4187 dicit,
1455 4121 1526 4176 ohne

221 4227 306 4266 anon«
325 4209 402 4266 lesen
419 4213 536 4266 mflsren.
571 4211 627 4265 Dae
646 4208 738 4264 ›Non‹
758 4224 809 4264 vor
827 4207 914 4274 »Quid
932 4208 1020 4263 enim«
1040 4206 1077 4262 ist
1093 4208 1160 4263 aber
1176 4205 1300 4276 unnbtig,
1320 4204 1378 4276 rgl.
1397 4205 1441 4260 ob.
1460 4221 1483 4260 o.
1501 4205 1525 4259 3.

218 4325 252 4335 -
263 4295 296 4364 Β)
312 4294 348 4364 ιε
364 4294 475 4365 cuae]
493 4295 646 4366 Ruf.f01gr
664 4294 691 4349 e
709 4293 758 4348 aru
770 4311 810 4363 gr.
821 4291 894 4348 uss.
912 4311 939 4349 u.
957 4293 983 4350 u
1001 4292 1078 4347 uun
1095 4292 1143 4347 aa
1160 4278 1253 4346 tuae.
1271 4289 1319 4345 oa
1330 4289 1362 4346 u.
1375 4289 1406 4344 r.
1424 4319 1457 4328 -
1475 4289 1498 4342 Β
1519 4289 1524 4357 ι

220 4378 257 4436 11
276 4378 334 4449 lux]
353 4380 419 4435 (lod.
437 4395 501 4435 nox.
536 4377 588 4434 Die
605 4379 703 4434 Worte
723 4377 793 4433 »suis
804 4407 838 4418 -
849 4377 913 4434 lux«
932 4375 1044 4432 werden
1060 4375 1100 4431 im
1117 4393 1158 4447 gr.
1176 4373 1207 4430 T.
1226 4374 1289 4430 dem
1306 4373 1359 4430 Ad.
1376 4372 1525 4442 beigelegt.

217 4463 282 4535 Vgl.
300 4463 345 4519 die
361 4467 443 4520 Anm.
461 4483 484 4518 a.
502 4462 528 4516 d.
547 4482 588 4534 gr.
605 4463 635 4518 T.
653 4493 687 4504 -
704 4465 727 4518 Β
746 4464 752 4532 Ι
772 4463 811 4519 18
833 4461 989 4533 Eutropius]
1013 4460 1078 4530 Vgl.
1096 4460 1122 4515 d.
1141 4461 1220 4514 dnm.
1239 4477 1262 4512 a.
1280 4459 1307 4513 d.
1324 4476 1364 4528 gr.
1381 4456 1412 4513 T.
1430 4457 1498 4512 -Β
1520 4456 1525 4524 1

219 4549 259 4605 lo
277 4548 311 4619 ci]
330 4547 395 4604 God.
413 4547 527 4616 eis128
545 4548 657 4618 quidem
672 4548 710 4603 iat
727 4549 766 4604 im
784 4548 849 4604 Cod.
868 4547 993 4604 awmmal
1011 4548 1123 4617 gesetat,
1146 4544 1196 4598 das
1214 4543 1275 4599 eine
1291 4542 1350 4597 Mal
1367 4541 1420 4598 mit
1436 4540 1526 4598 oinem

219 4633 309 4688 Strich
326 4635 406 4690 nnter
423 4633 486 4689 dem
504 4633 609 4690 Worte.
