3744 5528
204 509 317 580 Gsspari
333 509 373 564 IV
390 525 413 566 o
431 512 455 568 9.
473 513 514 567 10.
799 511 908 583 Dialog.
1448 521 1506 585 163

204 679 377 758 hominem,
400 679 558 746 homicida
579 679 710 745 dicetur.
744 678 820 746 Non
842 701 916 766 ergo
939 682 1009 766 quis
1031 682 1133 747 malus
1156 685 1262 747 estex
1284 703 1320 747 oo
1348 685 1434 766 quod
1453 685 1509 760 est,

206 782 262 845 sed
282 801 320 844 ex
342 800 378 844 eo
401 784 487 862 quod
507 780 587 865 agit,
613 785 645 846 et
665 781 711 846 ita
730 780 935 846 inueniuntur
954 781 1038 846 mala
1059 804 1123 847 non
1145 803 1212 848 esse
1230 781 1432 860 substantiae,
1453 784 1509 846 sed

206 879 389 946 substantiis
407 881 589 946 sonidentis

290 1000 314 1045 o.
336 981 383 1048 Χ.
419 985 507 1045 Dros.
528 986 570 1045 d:
599 979 747 1065 (Dixisti)
774 979 936 1046 uoluntate
961 980 1014 1045 uel
1040 979 1161 1046 astibus
1188 1002 1255 1046 esse
1280 979 1364 1044 malo
1390 983 1421 1046 st
1446 1002 1510 1046 non

173 1086 189 1140 5
207 1083 379 1146 seeundum
398 1079 614 1145 substantiam.
650 1079 712 1146 Sed
734 1102 804 1146 eoos
823 1083 999 1146 ostenditur
1021 1079 1096 1164 quia
1116 1079 1293 1145 substantia
1315 1083 1421 1144 estex
1448 1100 1511 1163 qua

209 1178 289 1244 fiunt
310 1177 402 1244 mala.
430 1177 619 1245 Euidentius
641 1199 716 1264 ergo
738 1183 868 1245 ostende
889 1179 964 1264 quia
984 1201 1041 1264 per
1055 1184 1143 1244 sotus
1165 1182 1196 1244 et
1213 1179 1409 1244 uoluntatem
1430 1179 1511 1244 fiunt

208 1283 239 1344 et
259 1299 322 1343 non
344 1300 400 1362 per
420 1279 637 1345 substantiam.

291 1383 346 1444 Ad.
367 1383 406 1442 u:
442 1376 615 1460 (Quantum
652 1379 779 1462 quidem
809 1377 1031 1463 disputationis
1060 1377 1183 1463 legibus
1213 1377 1339 1459 suffieit,
1374 1377 1510 1442 diluoide

209 1477 403 1544 ostendimus
425 1476 544 1542 malum
566 1499 630 1543 non
645 1501 712 1544 esse
734 1478 948 1557 substantiam,
970 1480 1158 1553 seductum,
1179 1478 1231 1544 uel
1252 1499 1417 1561 opusesso
1439 1479 1512 1543 sub·

159 1577 192 1633 10
210 1577 333 1642 stantiis
348 1577 492 1642 sooidens
511 1598 569 1660 per
587 1577 709 1644 arbitrii
729 1579 914 1643 libertatem
942 1576 1063 1643 Uerum
1078 1577 1227 1662 quonism
1242 1577 1345 1643 adhue
1359 1575 1512 1642 ousiosius

209 1675 259 1740 uis
289 1674 410 1760 aliquid
436 1675 616 1761 disoutere),
645 1679 748 1762 primo
774 1678 903 1762 quidem
934 1677 1019 1742 disee
1049 1675 1129 1742 nihil
1154 1698 1221 1742 esse
1247 1675 1375 1742 omnino
1401 1679 1514 1742 natura
1634 1723 1637 1729 -

211 1773 337 1855 malum,
368 1775 476 1840 sedin
506 1775 575 1842 solo
601 1777 763 1861 proposito
795 1776 858 1842 diei
882 1776 1009 1842 muium.
1045 1775 1129 1842 Nam
1151 1779 1237 1861 quod
1258 1775 1373 1841 dieitur
1393 1773 1513 1840 adulte-

210 1873 292 1938 rium
324 1872 400 1958 quid
431 1874 519 1939 aliud
543 1875 663 1941 indioot
691 1877 752 1942 nisi
781 1877 843 1942 uiri
869 1898 942 1942 oum
970 1875 1102 1941 muliere
1128 1877 1264 1942 coitum?
1299 1878 1355 1942 sed
1384 1875 1411 1940 si
1441 1897 1514 1940 oum

210 1995 309 2039 uxore
330 1972 473 2057 legitime
494 1975 648 2040 habeatur
667 1976 719 2042 hio
745 1975 847 2042 ooitus
873 1975 1143 2059 suscipiendorum
1165 1975 1266 2059 gratia
1290 1973 1461 2040 liberorum
1483 1978 1515 2038 et

160 2077 194 2132 lo
212 2071 330 2139 sobolis
356 2072 587 2157 relinquendae,
618 2097 697 2159 opus
722 2075 843 2142 bonum
868 2075 1032 2141 iudioatur.
1068 2073 1102 2139 si
1128 2095 1204 2140 uero
1226 2075 1305 2158 quis,
1335 2072 1514 2159 legitimum

211 2172 330 2238 ooitum
360 2171 548 2257 relinquens,
576 2174 715 2241 alienum
742 2175 843 2242 uiolet
871 2172 1114 2254 matrimonium,
1149 2174 1269 2240 malum
1298 2194 1378 2257 opus
1414 2172 1514 2258 egisse

212 2271 341 2337 dioetur.
375 2271 418 2337 Et
440 2277 487 2338 ost
508 2273 644 2357 quidem,
671 2280 824 2360 quantum
845 2278 886 2340 ad
907 2274 1025 2340 ooitum
1045 2274 1188 2358 pertinet,
1213 2295 1263 2339 res
1284 2275 1394 2337 eadem
1420 2277 1515 2356 atque

212 2393 292 2454 opus
313 2393 419 2451 unum,
447 2377 601 2455 quantum
622 2396 697 2440 uero
720 2378 759 2439 ad
780 2374 927 2440 iniuriam
948 2373 1084 2457 proximi
1110 2378 1142 2438 et
1165 2371 1373 2438 reuerentiam
1401 2371 1516 2456 legum,

212 2471 288 2536 satis
315 2470 483 2539 diuersum.
525 2471 645 2538 Sedet
674 2473 880 2540 homicidium
908 2471 1055 2538 similiter
1083 2473 1245 2537 sehabet
1281 2467 1366 2536 Nom
1395 2469 1515 2554 siquis

155 2581 196 2638 '20
213 2593 285 2636 oum
311 2569 366 2655 qui
386 2571 476 2636 uerbi
498 2593 592 2637 osuse
613 2573 647 2638 in
672 2573 828 2640 adulterio
854 2573 1097 2655 comprehensus
1119 2575 1167 2638 est
1191 2569 1309 2636 iudiost
1334 2569 1459 2655 legibus
1486 2573 1517 2634 et

212 2669 332 2754 puniet,
361 2691 425 2736 non
448 2670 506 2736 erit
535 2672 663 2738 malum.
699 2673 733 2738 si
755 2671 826 2757 quis
855 2692 930 2736 uero
957 2669 1164 2749 innocentem,
1195 2674 1250 2735 eut
1274 2673 1311 2735 ut
1341 2667 1516 2736 bonosius

213 2769 351 2850 inuadat,
373 2773 428 2834 sut
448 2772 505 2837 tali
527 2771 634 2856 aliqua
655 2795 693 2838 ox
716 2794 810 2838 eausa
830 2769 1041 2849 trueidsuerit„
1061 2770 1181 2835 malum
1203 2791 1283 2853 opus
1304 2768 1415 2834 fecisse
1435 2768 1517 2834 iudi·

214 2869 344 2935 cabitur.
379 2867 423 2934 Et
450 2875 605 2954 quantum
634 2871 762 2958 quidem
791 2873 923 2936 adrem
953 2869 1055 2954 ipsam
1084 2868 1229 2953 pertinet,
1257 2869 1342 2933 idem
1368 2890 1447 2952 opus
1477 2868 1516 2932 ab

213 2972 348 3052 utroque
369 2969 496 3034 uidetur
516 2970 695 3056 impletum,
720 2975 853 3055 uterque
880 2968 963 3034 enim
988 2968 1148 3033 hominem
1174 2965 1301 3048 oceidit,
1327 2971 1383 3033 sed
1403 2989 1517 3051 propo·

165 3079 198 3133 25
216 3070 311 3134 situm
333 3067 495 3134 oooidendi
516 3072 550 3135 in
572 3074 706 3155 utroquo
726 3069 885 3134 diuersum
907 3073 962 3134 est
996 3066 1128 3133 Furtum
1148 3089 1274 3152 quoque
1296 3069 1382 3151 qnod
1396 3065 1519 3146 dieitur,

307 4433 328 4490 4
345 4432 438 4489 dixisti
456 4431 528 4488 fehlt
550 4431 589 4487 im
608 4432 674 4487 cod.
705 4432 750 4487 Gr.
769 4425 838 4503 ἔφης
860 4432 949 4502 (Ossp.
967 4433 1038 4486 setnt
1057 4427 1182 4484 »dixisti«
1206 4428 1281 4484 nsoh
1300 4428 1413 4485 »mals«.
1431 4429 1508 4498 -Β)
1530 4429 1534 4497 l

226 4518 373 4588 dmslum]
392 4517 458 4574 Cod.
477 4517 614 4574 melorum
630 4517 635 4585 1
651 4517 689 4573 12
709 4516 774 4572 Cod.
793 4516 946 4588 proposita,
967 4515 1019 4570 mit
1038 4531 1085 4570 »o«
1104 4513 1173 4568 flbsr
1190 4532 1238 4568 »u«
1255 4513 1313 4582 1⁴15
1331 4513 1443 4584 bonum}
1462 4514 1536 4578 Cod..

227 4603 294 4660 oder
309 4602 400 4657 meins
418 4601 515 4674 Cepis:
535 4601 671 4657 bonorum
694 4603 698 4670 t
724 4601 759 4657 18
777 4601 842 4657 Cod.
860 4601 1015 4656 reuerentia
1037 4600 1041 4668 Ι
1066 4600 1105 4655 26
1123 4597 1190 4654 Hier
1206 4597 1257 4652 hst
1273 4598 1335 4653 Rus.
1353 4597 1405 4652 mit
1421 4597 1538 4654 Absioht

229 4686 371 4758 getndert.
401 4685 465 4757 Vgl.
484 4684 559 4740 Einl.
578 4687 593 4754 ξ
612 4688 644 4740 11
652 4688 685 4742 Δ,
703 4686 778 4740 -Β,

1273 4769 1326 4822 11*
