3744 5528
207 495 319 567 cespati
338 494 364 550 V
381 511 404 550 e.
421 497 446 550 4.
489 455 491 462 >
801 495 910 568 Dialog.
1451 502 1508 567 181

207 685 271 730 non
284 661 434 730 uenerat?
455 661 536 728 Tum
550 663 662 729 deinde
676 666 866 730 eredendum
881 667 929 730 esi
941 664 1047 729 uerbis
1063 665 1137 742 eius,
1152 687 1192 728 en
1205 663 1290 729 uon‘?
1311 661 1371 730 Eut
1384 668 1512 731 ereden-

208 765 290 844 dum,
311 786 370 830 nee
392 763 533 847 quaesiio
554 763 699 828 habende
720 769 775 830 eet
811 762 845 829 Si
865 768 971 830 auum
992 766 1117 829 eredere
1138 785 1196 829 nos
1218 763 1412 844 eonfitemur,
1433 786 1512 848 quo·

207 867 301 929 modo
322 864 390 948 ipse
407 865 445 928 de
463 885 497 928 se
516 862 593 929 dicit
614 863 689 948 quie
709 863 794 929 filius
809 864 944 930 hominis
959 863 1028 928 esi‘?
1055 861 1139 929 Nam
1154 863 1181 927 ei
1195 863 1362 928 uidebeiur
1374 867 1512 929 denium·

208 966 302 1029 modo
334 985 401 1029 esse
430 964 534 1042 homo,
563 967 600 1028 ui
629 966 706 1048 quid
734 985 767 1029 se
796 962 899 1028 filium
927 961 1064 1028 hominis
1079 956 1212 1028 'diceret
1246 967 1278 1028 et
1312 983 1377 1028 uon
1410 964 1513 1048 megin

174 1072 191 1125 5
208 1062 387 1128 homiuem?
418 1062 514 1129 Nune
539 1068 643 1129 eutem
670 1063 747 1129 dieii
775 1063 850 1146 quie
875 1067 992 1145 Oportet
1014 1066 1116 1144 filim
1136 1067 1271 1134 heminis
1290 1067 1423 1128 multum
1438 1069 1512 1146 pati.

208 1159 243 1226 Si
264 1163 356 1242 enim,
377 1167 414 1226 ui
433 1184 491 1228 uos
507 1161 620 1242 dieiiis,
640 1163 811 1246 putabatur
825 1185 892 1229 esse
906 1163 1010 1243 homo,
1032 1165 1204 1228 seeundum
1222 1163 1283 1228 hoe
1301 1161 1405 1245 ipsum
1427 1166 1513 1246 quod

207 1261 378 1344 putabatur
399 1263 494 1328 homo
516 1262 644 1346 quidem
665 1261 728 1327 diei
748 1264 865 1347 potuit,
886 1261 971 1327 filius
993 1265 1098 1327 euiem
1119 1261 1254 1326 hominis
1276 1261 1332 1346 qui
1352 1266 1444 1327 natus
1466 1265 1514 1327 est

208 1383 246 1425 ex
267 1361 408 1442 homine,
434 1360 494 1445 (si)
521 1385 586 1428 non
610 1361 724 1442 fuerat,
749 1362 812 1428 diei
837 1363 964 1428 omnino
993 1384 1057 1428 non
1082 1364 1213 1444 poterae
1250 1359 1324 1440 Sed,
1350 1382 1422 1426 eum
1447 1383 1513 1426 non

209 1463 290 1524 esset
318 1461 422 1540 homo,
454 1483 511 1526 eur
540 1483 573 1527 se
596 1461 755 1527 hominem
786 1484 853 1527 esse
880 1461 1062 1526 simularet?
1093 1457 1260 1543 Numquid
1284 1459 1453 1545 gloriosius
1479 1482 1513 1526 se

157 1564 192 1620 10
207 1559 367 1625 hominem
387 1583 445 1645 pro
468 1562 527 1626 deo
549 1560 751 1627 nominabat?
786 1565 841 1625 eud
861 1561 962 1646 magis
985 1560 1014 1625 ei
1040 1559 1124 1626 eredi
1145 1563 1275 1643 poterat,
1302 1560 1330 1625 si
1353 1561 1513 1626 hominem

208 1679 241 1724 se
263 1659 387 1740 diceret,
418 1664 505 1745 quod
525 1683 590 1726 non
611 1665 684 1739 erat,
711 1664 929 1745 quemdem,
957 1662 1043 1745 quod
1065 1663 1151 1725 erat?
1176 1657 1220 1723 ue
1240 1660 1302 1726 hoe
1322 1659 1464 1741 dicimus,
1485 1660 1513 1724 si

208 1780 242 1824 ee
263 1758 451 1842 simpliciter
471 1759 629 1826 hominem
649 1760 892 1844 pronuniieseet„
927 1757 1022 1825 Nune
1043 1762 1156 1838 eutem,
1177 1780 1249 1824 eum
1270 1780 1304 1824 se
1325 1780 1389 1825 non
1410 1758 1513 1825 e'olum

208 1857 376 1934 hominem,
399 1861 457 1924 sed
478 1863 510 1924 et
530 1859 631 1924 filium
651 1859 787 1925 hominis
809 1858 894 1940 dieii,
915 1859 993 1943 quid
1014 1863 1082 1924 erte
1104 1863 1135 1924 ei
1156 1857 1327 1924 ealliditate
1347 1858 1513 1924 ueritatem

208 1957 305 2022 uuliis
326 1959 500 2041 obtegere?
529 1957 649 2036 Quodsi
671 1959 705 2024 in
725 1960 829 2024 Adam
855 1963 887 2024 et
906 1959 978 2025 Eue
1003 1962 1148 2025 seruetur
1172 1957 1289 2023 ueritas
1311 1961 1394 2041 apud
1416 1958 1512 2042 serip-

158 2067 191 2122 15
208 2061 312 2122 turam
334 2061 367 2121 et
389 2079 453 2124 non
478 2056 627 2123 dicuntur
647 2058 707 2123 filii
731 2057 879 2138 hominis,
906 2058 981 2142 quie
1003 2080 1041 2123 ex
1062 2057 1242 2123 homiuibus
1263 2057 1330 2121 neti
1355 2079 1418 2122 non
1440 2062 1514 2124 suni

209 2158 264 2220 sed
292 2159 512 2222 tantummodo
543 2157 685 2223 homines
715 2157 919 2241 appellentur,
950 2179 1031 2242 quae
1063 2156 1233 2240 appellatio
1262 2156 1382 2222 indicet
1411 2159 1512 2241 ipsam

209 2253 427 2335 subuieniiam,
449 2260 607 2340 quomodo
628 2279 692 2323 non
712 2258 790 2322 haee
811 2257 920 2322 eudem
934 2257 1051 2322 ueritas
1072 2261 1250 2322 seruaretur
1270 2256 1304 2321 in
1319 2256 1453 2340 Christo,
1473 2280 1513 2324 ne

295 4669 314 4726 8
334 4670 393 4726 »Si«
411 4668 482 4725 fehlt
498 4668 537 4723 im
554 4667 618 4724 eod.
653 4667 777 4739 uesperi:
795 4685 858 4724 eum
875 4668 942 4724 oder
959 4668 1031 4738 quia.
1048 4697 1081 4708 -
1093 4667 1124 4722 B.
