3708 5528
185 490 297 562 Caspari
314 491 327 544 Ι
345 507 368 547 c.
386 493 426 547 10.
446 495 486 546 11.
632 505 634 510 ’
781 491 891 564 Dialog.
1450 503 1489 566 25

185 660 305 725 docebo
319 681 404 724 nunc
424 682 488 726 non
511 683 578 726 esse
598 662 660 726 hoc
674 662 874 741 contrarium,
895 665 950 726 sed
972 663 1139 728 diuersum.
1174 661 1250 728 Non
1272 661 1354 726 enirn
1376 663 1491 740 statim,

186 763 271 845 quod
301 761 460 825 diuersum
491 765 538 824 est
567 759 653 825 aliud
683 762 722 824 ab
753 759 828 840 alio,
859 762 1008 827 continuo
1036 762 1129 826 etiarn
1156 761 1347 826 contrarium
1369 763 1491 828 dieitur.

185 860 242 926 lsti
264 879 351 944 ergo,
375 860 429 944 qui
450 858 489 924 ab
510 859 709 924 Hierusalem
730 860 936 925 mittebantur
957 885 976 924 a
997 859 1134 940 Christo,
1156 882 1266 943 pacem
1287 861 1492 926 mittebantur

186 961 371 1025 annuntiare
401 982 458 1043 per
486 959 632 1044 populos
661 959 710 1024 illi
740 965 855 1040 autem,
887 962 943 1044 qui
969 955 1007 1026 ex
1032 962 1180 1044 Aegypto
1205 959 1491 1043 proficiscebantur,

151 1079 167 1132 5
187 1061 237 1140 [et]
260 1060 379 1142 praelio
401 1062 440 1124 ab
459 1060 516 1138 his,
544 1060 600 1144 qui
619 1060 802 1142 parentibus
823 1060 888 1124 suis
911 1064 1070 1144 quondam
1092 1060 1202 1125 famuli
1223 1059 1357 1139 fumant
1378 1080 1491 1145 urgue-

185 1163 307 1226 bantur.
349 1159 471 1224 lustum
493 1178 568 1243 ergo
591 1165 658 1224 erat
677 1163 728 1238 ut,
755 1160 905 1242 quoniam
926 1159 1149 1224 beneficiorum
1174 1159 1291 1243 ingrati
1316 1160 1491 1224 insurrexe-

184 1265 258 1325 runt
288 1263 437 1324 aduersus
464 1281 516 1324 eos
544 1258 598 1341 qui
628 1259 759 1324 sulutem
791 1262 949 1341 quondam
979 1260 1188 1337 contulerant,
1226 1263 1256 1322 et
1287 1259 1491 1326 facultatibus

185 1362 379 1423 nudarentur
405 1363 436 1424 et
462 1360 535 1422 uita.
578 1356 663 1423 Nam
691 1362 723 1422 et
749 1358 948 1442 euangelium
974 1357 1114 1423 continet
1139 1358 1274 1423 ultiones
1295 1360 1329 1422 in
1350 1358 1491 1442 ingratos

185 1464 216 1522 et
231 1481 364 1540 poenam
385 1459 494 1522 mortis
509 1457 652 1522 intentat.
690 1457 835 1540 Denique
849 1459 894 1521 ita
916 1458 992 1522 dicit
1014 1458 1100 1541 quia:
1128 1462 1228 1522 Ueniet
1248 1463 1390 1522 dominus
1411 1464 1493 1524 serui

134 1571 168 1625 10
183 1563 268 1622 illius
281 1563 316 1622 tu
337 1563 390 1636 die,
412 1581 472 1640 quc
492 1563 591 1638 osred,
613 1569 639 1622 ct
660 1563 743 1634 bora,
766 1581 825 1638 quc
845 1580 909 1621 noa
931 1568 1037 1638 sperem
1060 1567 1086 1620 et
1107 1561 1219 1620 diuidit
1239 1581 1307 1621 eum
1328 1581 1362 1622 uo
1375 1569 1492 1639 portem

184 1664 250 1722 eius
271 1681 339 1722 cum
359 1662 530 1739 infidelibus
547 1663 641 1738 ponit.
677 1655 767 1722 Nihil
787 1675 862 1740 ergo
882 1657 1008 1722 uidetur
1026 1656 1192 1740 indignum
1213 1679 1275 1730 eos,
1297 1657 1352 1740 qui
1372 1657 1492 1722 bellum

184 1757 355 1822 intulerant
369 1757 492 1836 iniuste,
507 1761 659 1839 tanquam
673 1758 778 1821 hostes
792 1755 870 1820 belli
890 1755 1015 1840 legibus
1038 1758 1251 1837 depraedatos.
1291 1754 1319 1819 ll
1335 1756 1491 1821 contrario

184 1878 258 1920 uero
281 1878 475 1940 consequens
498 1861 564 1920 erat
584 1860 620 1920 ut
645 1857 691 1933 bi,
718 1855 772 1939 qui
793 1876 903 1938 pacem
929 1856 1046 1920 mundo
1073 1855 1258 1920 annuntiare
1279 1857 1491 1934 mittebantur,

184 1959 303 2040 absque
330 1956 425 2020 armis
454 1960 485 2020 et
513 1955 729 2020 instrumentis
756 1953 914 2038 aliquibus
940 1953 1078 2036 bellicis·
1093 1955 1300 2019 mitterentur.
1347 1953 1491 2038 Denique

133 2067 166 2120 15
185 2057 278 2120 etiam
305 2055 415 2120 Esaias
440 2056 594 2139 propheta
620 2059 692 2119 ante
717 2055 853 2118 multum
875 2058 999 2136 tempus
1025 2053 1131 2118 futura
1156 2055 1234 2118 haec
1259 2053 1492 2136 pronuntiabat,

184 2155 303 2220 dicens:
336 2161 435 2230 Quom
449 2159 573 2236 speciosi
587 2160 677 2236 pedes
690 2157 963 2233 evangelizantium
974 2161 1096 2234 paoem!
1126 2153 1188 2218 Sed
1202 2158 1326 2236 tempus
1348 2154 1492 2236 designat

183 2255 266 2320 idem
281 2256 435 2338 propheta
448 2255 589 2319 futurum
611 2256 737 2337 quando
760 2275 835 2316 usus
857 2257 993 2317 cessaret
1013 2274 1179 2330 armorum,
1200 2253 1318 2317 dicens:
1349 2258 1393 2317 Dc
1416 2256 1492 2316 Sion

184 2359 256 2418 criel
277 2359 321 2418 lac
342 2359 511 2418 etcertum
532 2359 648 2418 domici
668 2377 703 2417 ca
723 2357 916 2416 Hierusalem.
953 2357 993 2416 m
1012 2357 1152 2416 iudicabit
1178 2357 1213 2415 e'c
1238 2355 1333 2416 medio
1358 2357 1491 2433 pontium

184 2465 210 2517 ct
230 2465 332 2534 orpuel
347 2460 496 2535 populum
516 2459 655 2532 medeam,
677 2464 704 2518 cl
723 2458 910 2532 confringent
928 2456 1042 2531 gladios
1063 2475 1135 2514 suos
1155 2457 1190 2515 ia
1208 2462 1309 2514 aratra
1329 2461 1355 2514 ct
1376 2456 1492 2514 buccas

132 2569 167 2624 20
183 2578 257 2618 suos
277 2560 311 2618 e'n
331 2559 433 2634 falces,
459 2565 485 2619 et
505 2577 567 2618 ooo
588 2563 719 2618 assueret
738 2576 812 2632 pens
831 2556 992 2615 aduersum
1011 2561 1125 2632 pentem
1149 2555 1284 2630 plodium
1304 2573 1356 2614 ccc
1381 2555 1491 2614 discent

184 2659 263 2718 ultra
284 2658 420 2718 bellicore.

266 2759 352 2819 Ebur.
367 2759 405 2818 d:
427 2752 499 2819 Hoc
520 2775 583 2818 non
606 2756 654 2818 est
675 2751 873 2824 contrarium,
895 2750 950 2813 ubi
969 2749 1144 2813 ostenditur
1166 2754 1198 2813 et
1217 2747 1359 2813 Christus
1381 2749 1491 2813 ulcisci

184 2855 218 2917 in
238 2853 348 2918 malos.

267 2975 291 3018 c.
307 2955 376 3022 xl.
405 2960 478 3033 Moy.
496 2957 537 3016 rt:
559 2951 717 3034 Propheta
733 2949 782 3013 dei
797 2949 891 3028 illius,
914 2949 970 3032 qui
983 2948 1118 3012 refertur
1131 2947 1164 3010 in
1178 2946 1257 3030 lege,
1280 2969 1351 3012 cum
1372 2946 1491 3012 bellum
1516 2959 1521 2970 '

132 3063 166 3118 25
185 3053 302 3137 populo
332 3053 379 3117 illi
410 3057 491 3117 esset
520 3051 652 3130 illatum,
683 3051 823 3114 ascendit
853 3071 947 3132 super
976 3046 1126 3112 uerticem
1152 3047 1268 3112 montis
1295 3052 1326 3112 et
1353 3048 1492 3112 extendit

185 3176 294 3218 manus
316 3175 388 3218 suas
410 3155 565 3216 addeum
587 3155 623 3214 ut
645 3149 869 3234 quamplurimi
891 3147 1028 3214 bostium
1056 3151 1326 3228 prosternerentur
1346 3146 1379 3209 in
1398 3147 1491 3210 bello.

186 3253 340 3316 Dominus
362 3257 467 3317 cutem
489 3256 607 3329 noster,
630 3251 685 3334 qui
705 3249 807 3315 bonus
830 3253 885 3322 est,
909 3248 1048 3312 extendit
1069 3268 1180 3310 munus
1202 3268 1282 3322 suas,
1304 3269 1367 3310 non
1388 3252 1423 3310 ut
1443 3247 1490 3310 in-

185 3353 343 3416 terimeret
365 3352 517 3431 homines,
539 3353 595 3416 sed
613 3355 649 3414 ut
670 3348 815 3414 saluaret.
858 3347 941 3424 Quid
963 3365 1037 3430 ergo
1059 3346 1161 3410 simile
1184 3351 1239 3426 est,
1262 3346 1316 3410 ubi
1338 3345 1418 3409 alius
1441 3368 1491 3408 ex·

185 3453 286 3517 tendit
307 3473 418 3516 manus
441 3473 512 3516 suas
534 3454 574 3514 ad
594 3449 766 3527 interitum,
788 3448 869 3513 alius
891 3450 931 3510 ad
953 3446 1106 3510 salutem?

133 3556 168 3612 30
269 3556 323 3616 Ad.
345 3557 384 3616 d:
412 3550 608 3615 Conueniens
630 3549 756 3613 uidetur
779 3547 947 3630 diligenter
973 3545 1185 3609 extensionem
1206 3567 1355 3608 manuum
1377 3545 1491 3609 utrius-

266 3801 289 3855 ’2
309 3800 374 3854 Cod.
393 3801 428 3854 ab
447 3799 539 3868 aliquo
555 3799 560 3865 Ι
576 3799 594 3855 t
614 3797 679 3852 (lod.
699 3797 791 3866 quiet
809 3795 919 3867 praelio.
953 3793 1032 3859 »Qui«
1052 3793 1088 3848 ist
1108 3795 1192 3848 durch
1204 3793 1323 3848 Einfluss
1335 3793 1382 3848 des
1394 3809 1491 3847 voran-

186 3885 329 3957 gehenden
344 3885 435 3954 »quin
456 3885 502 3953 qui
515 3901 548 3938 ex
561 3883 686 3953 Aegypto
699 3881 948 3953 proficiscebantur,
967 3878 1023 3932 und
1035 3878 1177 3933 vielleieht
1189 3879 1258 3932 auch
1271 3878 1318 3932 des
1330 3877 1491 3948 folgenden:

189 3971 238 4024 »ab
250 3970 293 4025 his
312 3968 373 4038 qui«
393 3967 546 4022 intdmlich
558 3967 587 4020 in
600 3966 653 4020 den
665 3967 736 4020 Text
748 3966 912 4035 gekomrnen
927 3963 955 4032 (l.
969 3963 1016 4032 [et]
1031 3992 1062 4000 -
1072 3962 1105 4030 B)
1120 3963 1125 4032 Ι
1140 3964 1159 4020 d
1177 3961 1390 4031 insurrexerunt]
1408 3961 1444 4016 lls
1456 3962 1493 4015 ist

186 4056 264 4109 nicht
276 4071 347 4125 gana
360 4054 454 4118 sicher,
473 4051 509 4106 ob
522 4051 570 4106 der
583 4050 649 4104 Cod.
663 4049 895 4104 »insurrexerunt«
914 4048 979 4104 oder
993 4047 1224 4101 »insurrexerant«
1238 4047 1288 4100 hat
1303 4047 1306 4110 Ι
1321 4046 1405 4112 rom
1426 4045 1491 4098 Man

187 4141 314 4194 erwartet
328 4137 462 4191 »dividet«
475 4135 532 4189 und
547 4137 659 4206 »ponet«
674 4135 690 4187 f.
705 4135 891 4204 διχοτομήσει,
903 4134 994 4202 θήσει.
1023 4131 1101 4185 Doch
1113 4132 1209 4185 stehen
1222 4132 1292 4185 auch
1303 4130 1340 4183 im
1356 4129 1421 4184 Cod.
1434 4147 1492 4184 our.

187 4223 267 4278 beide
282 4223 371 4278 Verba
382 4222 420 4276 im
433 4221 572 4282 Praesens,
590 4219 722 4274 wthrend
733 4220 781 4273 der
793 4218 858 4272 God.
870 4218 968 4273 Veron.
981 4217 1145 4286 wenigstens
1162 4213 1268 4285 »ponit«
1283 4214 1339 4268 hat
1370 4213 1491 4284 Mdglieh

187 4309 324 4379 librigene,
342 4308 404 4360 dass
422 4305 471 4360 das
485 4305 524 4358 »i«
541 4304 570 4357 in
582 4303 680 4358 beiden
697 4321 748 4358 nur
765 4304 815 4358 aul
829 4303 877 4357 der
889 4302 1048 4356 belrsnnten
1059 4301 1209 4371 pcpultren
1226 4299 1412 4354 fehlerhadten
1424 4302 1491 4352 Aus-

187 4393 300 4464 spracte
317 4393 417 4447 berubt
435 4392 440 4457 Ι
462 4389 499 4446 15
517 4389 584 4443 Man
606 4389 734 4442 erwartet
754 4385 970 4457 »pronuntiavit«
997 4385 1062 4440 oder
1084 4383 1338 4455 »pronuntiaverat«
1360 4383 1364 4448 Ι
1386 4382 1424 4437 lt
1442 4380 1493 4435 Die

188 4477 284 4532 Worte
304 4476 405 4542 »Quam
425 4474 583 4546 speciosi-
596 4473 703 4527 diceus«
724 4473 819 4526 stehen
838 4489 882 4526 am
900 4471 1003 4525 Raude.
1034 4471 1073 4522 lm
1086 4469 1172 4523 'l‘exte
1184 4469 1257 4522 steht
1274 4469 1294 4533 ζ·
1317 4466 1357 4520 als
1370 4465 1492 4530 Zeiehen‚

187 4563 249 4616 dass
268 4563 351 4616 etwas
370 4560 545 4630 ausgelasseu
561 4558 616 4625 iet}
637 4557 677 4612 24
694 4557 727 4610 In
744 4556 795 4612 c’s
812 4560 897 4626 Ausg.
915 4555 998 4610 bello.
1028 4552 1114 4609 Wohl
1130 4553 1175 4606 ein
1191 4551 1379 4606 Druekfehler.
1397 4551 1465 4604 -B
1488 4549 1492 4618 l

188 4647 226 4704 28
244 4645 309 4702 cod.
327 4645 464 4700 extendet.
