3744 5528
209 492 320 565 uesperi
337 493 377 548 IV
394 509 417 548 c.
435 493 459 548 9.
801 494 911 566 Dialog.
1450 504 1507 566 161

291 668 380 728 Droa.
402 667 443 728 d:
473 661 536 728 Sed
562 682 621 747 ego
651 665 860 730 substantiam
887 665 939 729 uel
970 664 1205 730 subsistentiam
1235 664 1312 728 mali
1342 686 1409 730 esec
1430 666 1510 730 dico.

209 761 365 828 Uoluntae
387 762 479 841 enim,
500 763 612 842 uteie,
634 765 777 830 accidens
798 787 848 830 res
870 769 926 830 est.

293 867 347 928 Ad.
369 867 410 928 d:
435 862 567 946 Expone
589 883 663 948 ergo
685 867 721 928 tu
743 864 918 929 euidentius
941 886 1022 948 quae
1043 868 1116 929 sunt
1136 864 1219 930 mela
1241 885 1320 948 quae
1343 863 1421 930 dicis
1443 887 1528 930 erse.

210 963 392 1028 substantia

176 1076 192 1128 5
291 1067 381 1128 Droa
412 1067 452 1127 d:
488 1061 698 1147 Quaecunque
727 1062 778 1128 lex
810 1063 876 1129 fieri
904 1063 1073 1147 prohibuit,
1102 1063 1171 1147 ipsa
1202 1063 1271 1128 dico
1301 1062 1392 1144 mele,
1423 1063 1511 1129 verbi

211 1163 311 1247 gratia
332 1163 529 1241 adulterium,
559 1163 773 1241 homicidium,
802 1163 922 1228 furtum
943 1168 975 1228 ct
999 1163 1049 1228 his
1074 1162 1196 1242 similia,
1227 1185 1308 1247 quae
1338 1162 1389 1228 lex
1414 1167 1510 1228 uetat.

292 1267 348 1327 Au.
368 1267 408 1327 d:
429 1260 495 1326 Ista
516 1261 622 1326 omnia
648 1262 821 1327 accidentia
842 1268 923 1329 sunt
959 1260 1070 1346 Neque
1097 1263 1180 1328 enim
1206 1262 1410 1328 homicidium
1437 1265 1511 1327 suh·

209 1361 325 1426 stantia
355 1361 461 1444 aliqua
487 1366 542 1440 est,
573 1361 625 1425 uel
650 1361 848 1441 adulterium,
869 1362 922 1427 uel
948 1362 1034 1427 aliud
1060 1362 1180 1447 aliquid
1202 1362 1250 1427 his
1276 1360 1386 1426 simile.
1422 1359 1512 1426 Sicut

210 1459 293 1524 enim
314 1462 353 1526 ab
379 1465 445 1525 arte
471 1461 675 1544 grammatica
701 1461 923 1546 grammaticus
945 1462 1061 1528 dicitur
1081 1466 1113 1528 ct
1137 1463 1244 1528 rhetor
1265 1485 1283 1525 a
1304 1460 1459 1526 rhetorica
1480 1465 1512 1524 et

158 1570 191 1623 10
209 1559 348 1626 medicus
374 1560 580 1640 amedicina,
610 1583 674 1626 non
696 1565 782 1645 quod
811 1561 987 1627 substantia
1013 1562 1055 1626 sit
1081 1561 1187 1646 eliqua
1217 1583 1297 1645 quae
1324 1563 1379 1624 aut
1408 1579 1511 1643 gram-

208 1659 324 1724 matica
344 1662 400 1724 eut
422 1659 577 1724 medicina
599 1660 733 1739 dicatur,
759 1663 815 1725 sed
836 1683 886 1726 ars
909 1666 957 1726 est
978 1665 1010 1726 et
1031 1660 1197 1744 disciplina
1218 1681 1299 1742 quae
1317 1659 1511 1724 substantiae

207 1757 322 1824 accidit
348 1763 379 1823 et
403 1781 440 1822 ex
461 1758 530 1842 ipae
550 1759 614 1823 iam
640 1764 706 1824 arte
728 1760 904 1825 substantia
929 1782 1056 1844 quoque
1077 1759 1214 1825 hominis
1240 1780 1355 1823 nomen
1381 1757 1511 1842 accepit,

207 1858 351 1923 similiter
376 1859 487 1942 utique
509 1857 603 1923 etiam
627 1861 662 1924 in
684 1859 847 1925 contrariis
874 1861 1051 1925 substantia
1077 1859 1211 1925 hominis
1234 1880 1271 1922 ex
1297 1858 1381 1922 facto
1403 1857 1512 1941 aliquo

207 1980 322 2024 nomen
342 1961 471 2042 accepit,
493 1958 584 2024 uerbi
605 1979 699 2023 ceusu
718 1962 767 2037 ut,
794 1981 866 2024 cum
887 1959 997 2024 feeerit
1017 1960 1070 2024 uel
1091 1958 1295 2024 homicidium
1316 1957 1368 2023 uel
1389 1957 1511 2022 adulte·

158 2057 288 2122 lorium
310 2057 390 2142 quis,
411 2057 514 2122 malus
536 2057 666 2136 dicatur,
687 2057 721 2122 id
743 2058 856 2123 estuel
878 2059 1043 2138 homicide,
1065 2057 1117 2122 uel
1132 2058 1261 2134 adulter,
1284 2079 1322 2122 ex
1336 2057 1421 2123 facto
1444 2057 1512 2122 eius

208 2157 310 2240 operis
332 2160 417 2240 quod
438 2157 489 2223 lex
510 2157 673 2240 prohibuit
693 2178 808 2222 nomen
829 2158 993 2241 accipiens.
1029 2156 1103 2222 Non
1125 2159 1207 2222 enim
1229 2157 1405 2221 substantia
1425 2155 1512 2221 illius

206 2257 342 2323 hominis
376 2257 431 2341 qui
464 2257 669 2322 homicidium
700 2256 775 2320 fecit
808 2255 841 2321 in
876 2257 962 2322 aliud
996 2258 1073 2341 quid
1098 2279 1190 2321 uersa
1221 2260 1269 2320 eet
1299 2278 1393 2340 quam
1423 2256 1511 2340 prius

207 2356 322 2435 fuerat,
349 2357 423 2440 quia
443 2377 546 2440 neque
568 2356 683 2440 aliquis
703 2356 866 2421 hominum
887 2357 948 2422 hoo
971 2360 1018 2420 est
1043 2358 1129 2440 quod
1150 2376 1229 2439 opus
1255 2377 1347 2420 suum
1369 2359 1429 2432 eat,
1455 2358 1510 2419 sed

208 2477 245 2519 ex
272 2477 308 2522 eo
340 2459 426 2539 quod
451 2460 597 2540 operatus
624 2461 672 2521 est
700 2477 816 2521 nomen
837 2455 966 2539 accepit,
996 2459 1039 2532 ut,
1070 2455 1144 2538 quia
1164 2454 1253 2520 uerbi
1280 2477 1374 2520 causa
1394 2454 1511 2520 oceidit

287 4485 305 4540 2
325 4484 390 4539 Cod.
403 4484 535 4539 accedens
551 4484 555 4552 Ι
572 4483 659 4548 10111
679 4482 758 4537 Nach
771 4482 981 4553 »grammatica«
1001 4481 1063 4537 eind
1074 4481 1149 4536 wohl
1162 4479 1207 4536 die
1218 4479 1315 4536 Worte
1334 4483 1399 4536 »aut
1415 4483 1506 4538 rholo

203 4568 275 4622 rica«
295 4568 467 4638 auegefallen
482 4569 487 4636 l
503 4569 540 4625 11
561 4567 626 4624 Cod.
639 4566 817 4636 substantioe,
835 4567 887 4622 mit
904 4566 993 4622 cinam
1005 4566 1093 4622 Strioh
1107 4569 1187 4621 unter
1205 4581 1250 4620 »a«
1267 4566 1271 4634 Ι
1288 4565 1326 4621 18
1343 4566 1420 4636 opus]
1439 4567 1507 4623 (lod

201 4668 262 4722 opo,
280 4652 333 4706 mit
351 4671 399 4706 »u«
418 4652 488 4708 dher
505 4652 531 4707 d.
550 4652 576 4706 Z.

255 4737 422 4783 Adamantius.
1258 4737 1290 4790 ll
