<?xml version="1.0" encoding="UTF-8"?>
<!DOCTYPE html PUBLIC "-//W3C//DTD XHTML 1.0 Transitional//EN"
    "http://www.w3.org/TR/xhtml1/DTD/xhtml1-transitional.dtd">
<html xmlns="http://www.w3.org/1999/xhtml" xml:lang="en" lang="en">
 <head>
  <title>
</title>
<meta http-equiv="Content-Type" content="text/html;charset=utf-8" />
  <meta name='ocr-system' content='tesseract 3.04.00' />
  <meta name='ocr-capabilities' content='ocr_page ocr_carea ocr_par ocr_line ocrx_word'/>
</head>
<body>
  <div class='ocr_page' id='page_1' title='image "./diegriechischen03religoog_0145.png"; bbox 0 0 3744 5524; ppageno 0'>
   <div class='ocr_carea' id='block_1_1' title="bbox 173 519 1496 602">
    <p class='ocr_par' dir='ltr' id='par_1_1' title="bbox 173 519 1496 602">
     <span class='ocr_line' id='line_1_1' title="bbox 173 519 1496 602; baseline 0.005 -16"><span class='ocrx_word' id='word_1_1' title='bbox 173 531 301 602; x_wconf 74' lang='lat' dir='ltr'><strong>Caspai-i</strong></span> <span class='ocrx_word' id='word_1_2' title='bbox 317 531 330 584; x_wconf 94' lang='lat'>1</span> <span class='ocrx_word' id='word_1_3' title='bbox 348 547 370 586; x_wconf 90' lang='lat' dir='ltr'><strong>o.</strong></span> <span class='ocrx_word' id='word_1_4' title='bbox 388 530 429 586; x_wconf 82' lang='lat'><strong>2⁵.</strong></span> <span class='ocrx_word' id='word_1_5' title='bbox 449 531 491 587; x_wconf 85' lang='grc'>211.</span> <span class='ocrx_word' id='word_1_6' title='bbox 792 519 900 592; x_wconf 58' lang='lat' dir='ltr'><strong>MOS·</strong></span> <span class='ocrx_word' id='word_1_7' title='bbox 1458 535 1496 593; x_wconf 85' lang='lat'><strong>51</strong></span> 
     </span>
    </p>
   </div>
   <div class='ocr_carea' id='block_1_2' title="bbox 137 695 1499 1280">
    <p class='ocr_par' dir='ltr' id='par_1_2' title="bbox 172 695 1498 1082">
     <span class='ocr_line' id='line_1_2' title="bbox 172 695 1498 782; baseline -0.002 -20"><span class='ocrx_word' id='word_1_8' title='bbox 172 697 211 762; x_wconf 91' lang='lat' dir='ltr'><strong>in</strong></span> <span class='ocrx_word' id='word_1_9' title='bbox 236 697 410 782; x_wconf 83' lang='lat' dir='ltr'><strong>euangelio</strong></span> <span class='ocrx_word' id='word_1_10' title='bbox 432 697 584 781; x_wconf 91' lang='lat' dir='ltr'><strong>scriptum</strong></span> <span class='ocrx_word' id='word_1_11' title='bbox 606 699 667 762; x_wconf 83' lang='lat' dir='ltr'><strong>est:</strong></span> <span class='ocrx_word' id='word_1_12' title='bbox 697 699 783 762; x_wconf 82' lang='lat' dir='ltr'><strong>Sicut</strong></span> <span class='ocrx_word' id='word_1_13' title='bbox 806 697 915 773; x_wconf 75' lang='lat' dir='ltr'><strong>sulpur</strong></span> <span class='ocrx_word' id='word_1_14' title='bbox 940 695 1012 756; x_wconf 76' lang='lat' dir='ltr'><strong>eniti</strong></span> <span class='ocrx_word' id='word_1_15' title='bbox 1031 695 1067 754; x_wconf 85' lang='lat' dir='ltr'><strong>et</strong></span> <span class='ocrx_word' id='word_1_16' title='bbox 1088 696 1198 756; x_wconf 79' lang='lat' dir='ltr'><strong>orierde</strong></span> <span class='ocrx_word' id='word_1_17' title='bbox 1219 701 1246 756; x_wconf 84' lang='lat' dir='ltr'><strong>et</strong></span> <span class='ocrx_word' id='word_1_18' title='bbox 1265 703 1384 774; x_wconf 81' lang='lat' dir='ltr'><strong>apparet</strong></span> <span class='ocrx_word' id='word_1_19' title='bbox 1404 717 1498 776; x_wconf 83' lang='lat' dir='ltr'><strong>usque</strong></span> 
     </span>
     <span class='ocr_line' id='line_1_3' title="bbox 172 789 1497 877; baseline -0.002 -15"><span class='ocrx_word' id='word_1_20' title='bbox 172 803 217 862; x_wconf 84' lang='lat' dir='ltr'><strong>ad</strong></span> <span class='ocrx_word' id='word_1_21' title='bbox 240 803 431 877; x_wconf 75' lang='grc'>0001100100,</span> <span class='ocrx_word' id='word_1_22' title='bbox 451 803 495 863; x_wconf 82' lang='lat' dir='ltr'><strong>ita</strong></span> <span class='ocrx_word' id='word_1_23' title='bbox 515 802 571 862; x_wconf 79' lang='lat' dir='ltr'><strong>erit</strong></span> <span class='ocrx_word' id='word_1_24' title='bbox 591 807 618 862; x_wconf 83' lang='lat' dir='ltr'><strong>et</strong></span> <span class='ocrx_word' id='word_1_25' title='bbox 637 801 784 860; x_wconf 72' lang='grc'>00000100</span> <span class='ocrx_word' id='word_1_26' title='bbox 804 797 865 873; x_wconf 77' lang='lat' dir='ltr'><strong>filii</strong></span> <span class='ocrx_word' id='word_1_27' title='bbox 883 796 1024 856; x_wconf 71' lang='lat' dir='ltr'><strong>bominis.</strong></span> <span class='ocrx_word' id='word_1_28' title='bbox 1059 789 1109 856; x_wconf 83' lang='lat' dir='ltr'><strong>Ex</strong></span> <span class='ocrx_word' id='word_1_29' title='bbox 1130 790 1242 868; x_wconf 86' lang='lat' dir='ltr'><strong>quibus</strong></span> <span class='ocrx_word' id='word_1_30' title='bbox 1264 794 1409 860; x_wconf 90' lang='lat' dir='ltr'><strong>omnibus</strong></span> <span class='ocrx_word' id='word_1_31' title='bbox 1432 795 1497 862; x_wconf 90' lang='lat' dir='ltr'><strong>eui·</strong></span> 
     </span>
     <span class='ocr_line' id='line_1_4' title="bbox 174 890 1498 981; baseline 0.001 -20"><span class='ocrx_word' id='word_1_32' title='bbox 174 897 370 962; x_wconf 87' lang='lat' dir='ltr'><strong>dentissime</strong></span> <span class='ocrx_word' id='word_1_33' title='bbox 391 899 614 981; x_wconf 88' lang='lat' dir='ltr'><strong>comprobatur</strong></span> <span class='ocrx_word' id='word_1_34' title='bbox 634 896 754 980; x_wconf 88' lang='lat' dir='ltr'><strong>primus</strong></span> <span class='ocrx_word' id='word_1_35' title='bbox 776 893 809 958; x_wconf 94' lang='lat' dir='ltr'><strong>in</strong></span> <span class='ocrx_word' id='word_1_36' title='bbox 830 890 1006 956; x_wconf 89' lang='lat' dir='ltr'><strong>bumilitate</strong></span> <span class='ocrx_word' id='word_1_37' title='bbox 1028 893 1194 972; x_wconf 88' lang='lat' dir='ltr'><strong>aduentus,</strong></span> <span class='ocrx_word' id='word_1_38' title='bbox 1220 892 1276 975; x_wconf 91' lang='lat' dir='ltr'><strong>qui</strong></span> <span class='ocrx_word' id='word_1_39' title='bbox 1299 893 1363 960; x_wconf 89' lang='lat' dir='ltr'><strong>iam</strong></span> <span class='ocrx_word' id='word_1_40' title='bbox 1387 895 1498 977; x_wconf 86' lang='lat' dir='ltr'><strong>factus,</strong></span> 
     </span>
     <span class='ocr_line' id='line_1_5' title="bbox 174 989 1498 1082; baseline -0.002 -21"><span class='ocrx_word' id='word_1_41' title='bbox 174 999 210 1061; x_wconf 87' lang='lat' dir='ltr'><strong>et</strong></span> <span class='ocrx_word' id='word_1_42' title='bbox 226 999 391 1063; x_wconf 90' lang='lat' dir='ltr'><strong>secundus</strong></span> <span class='ocrx_word' id='word_1_43' title='bbox 405 998 439 1062; x_wconf 92' lang='lat' dir='ltr'><strong>in</strong></span> <span class='ocrx_word' id='word_1_44' title='bbox 460 997 569 1082; x_wconf 81' lang='lat' dir='ltr'><strong>gloria,</strong></span> <span class='ocrx_word' id='word_1_45' title='bbox 592 995 647 1080; x_wconf 90' lang='lat' dir='ltr'><strong>qui</strong></span> <span class='ocrx_word' id='word_1_46' title='bbox 668 995 793 1060; x_wconf 85' lang='lat' dir='ltr'><strong>futurus</strong></span> <span class='ocrx_word' id='word_1_47' title='bbox 816 996 871 1058; x_wconf 83' lang='lat' dir='ltr'><strong>est</strong></span> <span class='ocrx_word' id='word_1_48' title='bbox 901 989 968 1057; x_wconf 91' lang='lat' dir='ltr'><strong>Uos</strong></span> <span class='ocrx_word' id='word_1_49' title='bbox 983 995 1096 1071; x_wconf 88' lang='lat' dir='ltr'><strong>autem,</strong></span> <span class='ocrx_word' id='word_1_50' title='bbox 1118 990 1174 1074; x_wconf 91' lang='lat' dir='ltr'><strong>qui</strong></span> <span class='ocrx_word' id='word_1_51' title='bbox 1194 1013 1267 1056; x_wconf 90' lang='lat' dir='ltr'><strong>eum</strong></span> <span class='ocrx_word' id='word_1_52' title='bbox 1287 993 1402 1058; x_wconf 89' lang='lat' dir='ltr'><strong>iterum</strong></span> <span class='ocrx_word' id='word_1_53' title='bbox 1422 1016 1498 1059; x_wconf 90' lang='grc'>000-</span> 
     </span>
    </p>

    <p class='ocr_par' dir='ltr' id='par_1_3' title="bbox 137 1091 1499 1280">
     <span class='ocr_line' id='line_1_6' title="bbox 137 1091 1499 1176; baseline 0.001 -18"><span class='ocrx_word' id='word_1_54' title='bbox 137 1105 155 1158; x_wconf 81' lang='lat'><strong>5</strong></span> <span class='ocrx_word' id='word_1_55' title='bbox 174 1101 296 1161; x_wconf 89' lang='lat' dir='ltr'><strong>turum</strong></span> <span class='ocrx_word' id='word_1_56' title='bbox 315 1117 461 1162; x_wconf 91' lang='lat' dir='ltr'><strong>essenon</strong></span> <span class='ocrx_word' id='word_1_57' title='bbox 480 1095 615 1176; x_wconf 88' lang='lat' dir='ltr'><strong>creditis,</strong></span> <span class='ocrx_word' id='word_1_58' title='bbox 637 1098 757 1160; x_wconf 89' lang='lat' dir='ltr'><strong>certum</strong></span> <span class='ocrx_word' id='word_1_59' title='bbox 779 1097 826 1157; x_wconf 89' lang='lat' dir='ltr'><strong>est</strong></span> <span class='ocrx_word' id='word_1_60' title='bbox 848 1091 922 1174; x_wconf 89' lang='lat' dir='ltr'><strong>quia</strong></span> <span class='ocrx_word' id='word_1_61' title='bbox 942 1113 1013 1155; x_wconf 90' lang='lat' dir='ltr'><strong>eum</strong></span> <span class='ocrx_word' id='word_1_62' title='bbox 1036 1091 1237 1156; x_wconf 89' lang='grc'>0000001000</span> <span class='ocrx_word' id='word_1_63' title='bbox 1259 1092 1402 1173; x_wconf 90' lang='lat' dir='ltr'><strong>credatis,</strong></span> <span class='ocrx_word' id='word_1_64' title='bbox 1424 1096 1499 1160; x_wconf 91' lang='lat' dir='ltr'><strong>dum</strong></span> 
     </span>
     <span class='ocr_line' id='line_1_7' title="bbox 175 1189 1130 1280; baseline -0.004 -20"><span class='ocrx_word' id='word_1_65' title='bbox 175 1217 248 1260; x_wconf 92' lang='lat' dir='ltr'><strong>non</strong></span> <span class='ocrx_word' id='word_1_66' title='bbox 272 1194 459 1280; x_wconf 68' lang='lat' dir='ltr'><strong>intellegitis</strong></span> <span class='ocrx_word' id='word_1_67' title='bbox 482 1195 659 1260; x_wconf 89' lang='lat' dir='ltr'><strong>diuinarum</strong></span> <span class='ocrx_word' id='word_1_68' title='bbox 681 1191 938 1275; x_wconf 77' lang='lat' dir='ltr'><strong>consequentiam</strong></span> <span class='ocrx_word' id='word_1_69' title='bbox 959 1189 1130 1256; x_wconf 88' lang='lat' dir='ltr'><strong>literarum.</strong></span> 
     </span>
    </p>
   </div>
   <div class='ocr_carea' id='block_1_3' title="bbox 122 1473 1499 4350">
    <p class='ocr_par' dir='ltr' id='par_1_4' title="bbox 177 1473 1499 1760">
     <span class='ocr_line' id='line_1_8' title="bbox 272 1473 1499 1558; baseline 0 -18"><span class='ocrx_word' id='word_1_70' title='bbox 272 1498 297 1540; x_wconf 91' lang='lat' dir='ltr'><strong>c.</strong></span> <span class='ocrx_word' id='word_1_71' title='bbox 311 1477 444 1546; x_wconf 82' lang='lat' dir='ltr'>XXVL</span> <span class='ocrx_word' id='word_1_72' title='bbox 479 1481 552 1558; x_wconf 75' lang='lat' dir='ltr'><strong>Mep.</strong></span> <span class='ocrx_word' id='word_1_73' title='bbox 572 1481 612 1541; x_wconf 84' lang='lat' dir='ltr'><strong>d:</strong></span> <span class='ocrx_word' id='word_1_74' title='bbox 637 1474 772 1541; x_wconf 88' lang='lat' dir='ltr'><strong>Ueriora</strong></span> <span class='ocrx_word' id='word_1_75' title='bbox 798 1473 857 1539; x_wconf 89' lang='lat' dir='ltr'><strong>tibi</strong></span> <span class='ocrx_word' id='word_1_76' title='bbox 884 1473 1016 1538; x_wconf 84' lang='lat' dir='ltr'><strong>exhibeo</strong></span> <span class='ocrx_word' id='word_1_77' title='bbox 1039 1476 1226 1539; x_wconf 86' lang='lat' dir='ltr'><strong>documenta</strong></span> <span class='ocrx_word' id='word_1_78' title='bbox 1253 1475 1327 1557; x_wconf 87' lang='lat' dir='ltr'><strong>quia</strong></span> <span class='ocrx_word' id='word_1_79' title='bbox 1349 1473 1430 1540; x_wconf 89' lang='lat' dir='ltr'><strong>alius</strong></span> <span class='ocrx_word' id='word_1_80' title='bbox 1451 1481 1499 1540; x_wconf 90' lang='lat' dir='ltr'><strong>est</strong></span> 
     </span>
     <span class='ocr_line' id='line_1_9' title="bbox 177 1570 1498 1658; baseline -0.002 -17"><span class='ocrx_word' id='word_1_81' title='bbox 177 1575 333 1642; x_wconf 83' lang='lat' dir='ltr'><strong>Christus</strong></span> <span class='ocrx_word' id='word_1_82' title='bbox 360 1575 415 1657; x_wconf 92' lang='lat' dir='ltr'><strong>qui</strong></span> <span class='ocrx_word' id='word_1_83' title='bbox 442 1597 498 1658; x_wconf 91' lang='lat' dir='ltr'><strong>per</strong></span> <span class='ocrx_word' id='word_1_84' title='bbox 522 1574 627 1658; x_wconf 80' lang='lat' dir='ltr'><strong>legem</strong></span> <span class='ocrx_word' id='word_1_85' title='bbox 649 1579 680 1639; x_wconf 91' lang='lat' dir='ltr'><strong>et</strong></span> <span class='ocrx_word' id='word_1_86' title='bbox 700 1574 871 1658; x_wconf 85' lang='lat' dir='ltr'><strong>prophetes</strong></span> <span class='ocrx_word' id='word_1_87' title='bbox 892 1573 1058 1638; x_wconf 89' lang='lat' dir='ltr'><strong>indicatur.</strong></span> <span class='ocrx_word' id='word_1_88' title='bbox 1101 1570 1256 1638; x_wconf 88' lang='lat' dir='ltr'><strong>Iohannes</strong></span> <span class='ocrx_word' id='word_1_89' title='bbox 1277 1595 1413 1657; x_wconf 89' lang='lat' dir='ltr'><strong>namque</strong></span> <span class='ocrx_word' id='word_1_90' title='bbox 1434 1596 1498 1639; x_wconf 91' lang='grc'><strong>000</strong></span> 
     </span>
     <span class='ocr_line' id='line_1_10' title="bbox 177 1671 1498 1760; baseline -0.001 -19"><span class='ocrx_word' id='word_1_91' title='bbox 177 1675 341 1760; x_wconf 79' lang='lat' dir='ltr'><strong>cognouit</strong></span> <span class='ocrx_word' id='word_1_92' title='bbox 366 1696 452 1754; x_wconf 88' lang='lat' dir='ltr'><strong>eum,</strong></span> <span class='ocrx_word' id='word_1_93' title='bbox 483 1676 568 1757; x_wconf 89' lang='lat' dir='ltr'><strong>quod</strong></span> <span class='ocrx_word' id='word_1_94' title='bbox 594 1675 704 1757; x_wconf 90' lang='lat' dir='ltr'><strong>utique</strong></span> <span class='ocrx_word' id='word_1_95' title='bbox 734 1671 930 1757; x_wconf 89' lang='lat' dir='ltr'><strong>impossibile</strong></span> <span class='ocrx_word' id='word_1_96' title='bbox 956 1677 1023 1737; x_wconf 89' lang='lat' dir='ltr'><strong>erat</strong></span> <span class='ocrx_word' id='word_1_97' title='bbox 1055 1675 1092 1736; x_wconf 90' lang='lat' dir='ltr'><strong>ut</strong></span> <span class='ocrx_word' id='word_1_98' title='bbox 1122 1672 1275 1755; x_wconf 87' lang='lat' dir='ltr'><strong>propbeta</strong></span> <span class='ocrx_word' id='word_1_99' title='bbox 1302 1671 1381 1756; x_wconf 81' lang='lat' dir='ltr'><strong>legis</strong></span> <span class='ocrx_word' id='word_1_100' title='bbox 1408 1674 1498 1758; x_wconf 82' lang='lat' dir='ltr'><strong>igno·</strong></span> 
     </span>
    </p>

    <p class='ocr_par' dir='ltr' id='par_1_5' title="bbox 122 1772 1499 2056">
     <span class='ocr_line' id='line_1_11' title="bbox 122 1772 1499 1853; baseline 0.003 -19"><span class='ocrx_word' id='word_1_101' title='bbox 122 1781 158 1836; x_wconf 91' lang='grc'><strong>10</strong></span> <span class='ocrx_word' id='word_1_102' title='bbox 176 1780 271 1839; x_wconf 88' lang='lat' dir='ltr'><strong>rarat</strong></span> <span class='ocrx_word' id='word_1_103' title='bbox 286 1772 445 1838; x_wconf 85' lang='lat' dir='ltr'><strong>Christu&#39;m</strong></span> <span class='ocrx_word' id='word_1_104' title='bbox 466 1796 569 1838; x_wconf 89' lang='lat' dir='ltr'><strong>suum.</strong></span> <span class='ocrx_word' id='word_1_105' title='bbox 615 1777 692 1838; x_wconf 81' lang='lat' dir='ltr'><strong>Oeen</strong></span> <span class='ocrx_word' id='word_1_106' title='bbox 711 1778 843 1837; x_wconf 82' lang='lat' dir='ltr'><strong>aedisset</strong></span> <span class='ocrx_word' id='word_1_107' title='bbox 863 1777 898 1836; x_wconf 83' lang='lat' dir='ltr'><strong>ire</strong></span> <span class='ocrx_word' id='word_1_108' title='bbox 918 1794 1028 1836; x_wconf 83' lang='lat' dir='ltr'><strong>carcere</strong></span> <span class='ocrx_word' id='word_1_109' title='bbox 1044 1776 1165 1852; x_wconf 79' lang='lat' dir='ltr'><strong>positus</strong></span> <span class='ocrx_word' id='word_1_110' title='bbox 1185 1793 1273 1852; x_wconf 85' lang='lat' dir='ltr'><strong>opera</strong></span> <span class='ocrx_word' id='word_1_111' title='bbox 1290 1775 1408 1853; x_wconf 75' lang='lat' dir='ltr'><strong>Christi,</strong></span> <span class='ocrx_word' id='word_1_112' title='bbox 1430 1779 1499 1838; x_wconf 83' lang='lat' dir='ltr'><strong>mii·</strong></span> 
     </span>
     <span class='ocr_line' id='line_1_12' title="bbox 178 1875 1499 1954; baseline -0.002 -14"><span class='ocrx_word' id='word_1_113' title='bbox 178 1885 250 1940; x_wconf 79' lang='lat' dir='ltr'><strong>teres</strong></span> <span class='ocrx_word' id='word_1_114' title='bbox 265 1878 344 1938; x_wconf 83' lang='lat' dir='ltr'><strong>duos</strong></span> <span class='ocrx_word' id='word_1_115' title='bbox 365 1897 399 1938; x_wconf 80' lang='lat' dir='ltr'><strong>ea</strong></span> <span class='ocrx_word' id='word_1_116' title='bbox 419 1877 575 1954; x_wconf 67' lang='lat' dir='ltr'><strong>disceptetis</strong></span> <span class='ocrx_word' id='word_1_117' title='bbox 589 1878 655 1938; x_wconf 84' lang='lat' dir='ltr'><strong>ereis</strong></span> <span class='ocrx_word' id='word_1_118' title='bbox 676 1877 715 1937; x_wconf 87' lang='lat' dir='ltr'><strong>ed</strong></span> <span class='ocrx_word' id='word_1_119' title='bbox 729 1895 798 1938; x_wconf 84' lang='lat' dir='ltr'><strong>erem</strong></span> <span class='ocrx_word' id='word_1_120' title='bbox 811 1877 902 1936; x_wconf 63' lang='lat' dir='ltr'><strong>dreit:</strong></span> <span class='ocrx_word' id='word_1_121' title='bbox 929 1875 973 1935; x_wconf 78' lang='lat' dir='ltr'><strong>ra</strong></span> <span class='ocrx_word' id='word_1_122' title='bbox 993 1875 1091 1952; x_wconf 80' lang='lat' dir='ltr'><strong>ecqui</strong></span> <span class='ocrx_word' id='word_1_123' title='bbox 1111 1879 1260 1935; x_wconf 76' lang='grc'>00010000</span> <span class='ocrx_word' id='word_1_124' title='bbox 1281 1895 1319 1951; x_wconf 89' lang='lat' dir='ltr'><strong>es,</strong></span> <span class='ocrx_word' id='word_1_125' title='bbox 1340 1895 1382 1936; x_wconf 84' lang='lat' dir='ltr'><strong>ere</strong></span> <span class='ocrx_word' id='word_1_126' title='bbox 1402 1879 1499 1938; x_wconf 79' lang='lat' dir='ltr'><strong>eiiam</strong></span> 
     </span>
     <span class='ocr_line' id='line_1_13' title="bbox 179 1979 411 2056; baseline -0.013 -17"><span class='ocrx_word' id='word_1_127' title='bbox 179 1979 411 2056; x_wconf 75' lang='lat' dir='ltr'><strong>exspectamus?</strong></span> 
     </span>
    </p>

    <p class='ocr_par' dir='ltr' id='par_1_6' title="bbox 182 2069 1499 2255">
     <span class='ocr_line' id='line_1_14' title="bbox 271 2069 1499 2156; baseline 0.002 -18"><span class='ocrx_word' id='word_1_128' title='bbox 271 2077 327 2138; x_wconf 79' lang='lat' dir='ltr'><strong>Ae.</strong></span> <span class='ocrx_word' id='word_1_129' title='bbox 348 2077 388 2138; x_wconf 78' lang='lat' dir='ltr'><strong>d:</strong></span> <span class='ocrx_word' id='word_1_130' title='bbox 415 2071 450 2136; x_wconf 85' lang='lat' dir='ltr'><strong>Si</strong></span> <span class='ocrx_word' id='word_1_131' title='bbox 471 2073 509 2136; x_wconf 92' lang='lat' dir='ltr'><strong>de</strong></span> <span class='ocrx_word' id='word_1_132' title='bbox 531 2070 655 2136; x_wconf 82' lang='lat' dir='ltr'><strong>Christo</strong></span> <span class='ocrx_word' id='word_1_133' title='bbox 683 2071 893 2156; x_wconf 81' lang='lat' dir='ltr'><strong>interrogaret</strong></span> <span class='ocrx_word' id='word_1_134' title='bbox 913 2069 1082 2149; x_wconf 88' lang='lat' dir='ltr'><strong>Iohannes,</strong></span> <span class='ocrx_word' id='word_1_135' title='bbox 1104 2069 1235 2134; x_wconf 85' lang='lat' dir='ltr'><strong>dixisset</strong></span> <span class='ocrx_word' id='word_1_136' title='bbox 1255 2070 1377 2154; x_wconf 89' lang='lat' dir='ltr'><strong>utique:</strong></span> <span class='ocrx_word' id='word_1_137' title='bbox 1405 2077 1448 2138; x_wconf 78' lang='lat' dir='ltr'><strong>lte</strong></span> <span class='ocrx_word' id='word_1_138' title='bbox 1468 2097 1499 2140; x_wconf 89' lang='lat' dir='ltr'><strong>es</strong></span> 
     </span>
     <span class='ocr_line' id='line_1_15' title="bbox 182 2169 1499 2255; baseline 0 -16"><span class='ocrx_word' id='word_1_139' title='bbox 182 2177 352 2239; x_wconf 65' lang='lat' dir='ltr'><strong>ormense</strong></span> <span class='ocrx_word' id='word_1_140' title='bbox 382 2169 478 2236; x_wconf 89' lang='lat' dir='ltr'><strong>Nunc</strong></span> <span class='ocrx_word' id='word_1_141' title='bbox 505 2175 609 2236; x_wconf 87' lang='lat' dir='ltr'><strong>autem</strong></span> <span class='ocrx_word' id='word_1_142' title='bbox 631 2171 720 2237; x_wconf 84' lang='lat' dir='ltr'><strong>dicit:</strong></span> <span class='ocrx_word' id='word_1_143' title='bbox 753 2177 797 2236; x_wconf 80' lang='lat' dir='ltr'><strong>lte</strong></span> <span class='ocrx_word' id='word_1_144' title='bbox 818 2195 849 2236; x_wconf 85' lang='lat' dir='ltr'><strong>es</strong></span> <span class='ocrx_word' id='word_1_145' title='bbox 869 2175 924 2253; x_wconf 83' lang='lat' dir='ltr'><strong>qai</strong></span> <span class='ocrx_word' id='word_1_146' title='bbox 943 2181 1092 2234; x_wconf 73' lang='grc'>00010000</span> <span class='ocrx_word' id='word_1_147' title='bbox 1112 2176 1166 2234; x_wconf 78' lang='lat' dir='ltr'><strong>ee?</strong></span> <span class='ocrx_word' id='word_1_148' title='bbox 1197 2173 1283 2253; x_wconf 90' lang='lat' dir='ltr'><strong>quod</strong></span> <span class='ocrx_word' id='word_1_149' title='bbox 1303 2171 1414 2255; x_wconf 89' lang='lat' dir='ltr'><strong>utique</strong></span> <span class='ocrx_word' id='word_1_150' title='bbox 1435 2196 1499 2239; x_wconf 93' lang='lat' dir='ltr'><strong>non</strong></span> 
     </span>
    </p>

    <p class='ocr_par' dir='ltr' id='par_1_7' title="bbox 126 2267 1499 2753">
     <span class='ocr_line' id='line_1_16' title="bbox 126 2267 1499 2354; baseline 0.005 -24"><span class='ocrx_word' id='word_1_151' title='bbox 126 2277 161 2330; x_wconf 78' lang='lat'><strong>15</strong></span> <span class='ocrx_word' id='word_1_152' title='bbox 180 2277 233 2337; x_wconf 88' lang='lat' dir='ltr'><strong>cst</strong></span> <span class='ocrx_word' id='word_1_153' title='bbox 253 2273 419 2354; x_wconf 90' lang='lat' dir='ltr'><strong>prudentis</strong></span> <span class='ocrx_word' id='word_1_154' title='bbox 434 2271 593 2354; x_wconf 83' lang='lat' dir='ltr'><strong>praesenti</strong></span> <span class='ocrx_word' id='word_1_155' title='bbox 607 2269 702 2336; x_wconf 88' lang='lat' dir='ltr'><strong>alicui</strong></span> <span class='ocrx_word' id='word_1_156' title='bbox 724 2270 840 2336; x_wconf 91' lang='lat' dir='ltr'><strong>dicere:</strong></span> <span class='ocrx_word' id='word_1_157' title='bbox 865 2275 908 2334; x_wconf 74' lang='grc'><strong>110</strong></span> <span class='ocrx_word' id='word_1_158' title='bbox 923 2275 976 2334; x_wconf 76' lang='lat' dir='ltr'><strong>es?</strong></span> <span class='ocrx_word' id='word_1_159' title='bbox 999 2269 1053 2353; x_wconf 90' lang='lat' dir='ltr'><strong>qui</strong></span> <span class='ocrx_word' id='word_1_160' title='bbox 1073 2269 1138 2333; x_wconf 91' lang='lat' dir='ltr'><strong>ism</strong></span> <span class='ocrx_word' id='word_1_161' title='bbox 1154 2267 1275 2334; x_wconf 79' lang='lat' dir='ltr'><strong>dixerat</strong></span> <span class='ocrx_word' id='word_1_162' title='bbox 1294 2273 1333 2335; x_wconf 88' lang='lat' dir='ltr'><strong>de</strong></span> <span class='ocrx_word' id='word_1_163' title='bbox 1355 2291 1406 2337; x_wconf 90' lang='lat' dir='ltr'><strong>eo:</strong></span> <span class='ocrx_word' id='word_1_164' title='bbox 1427 2278 1499 2336; x_wconf 76' lang='lat' dir='ltr'><strong>Eece</strong></span> 
     </span>
     <span class='ocr_line' id='line_1_17' title="bbox 180 2367 1499 2454; baseline 0.001 -19"><span class='ocrx_word' id='word_1_165' title='bbox 180 2394 288 2453; x_wconf 75' lang='lat' dir='ltr'><strong>aperus</strong></span> <span class='ocrx_word' id='word_1_166' title='bbox 308 2375 380 2450; x_wconf 85' lang='lat' dir='ltr'><strong>Dei,</strong></span> <span class='ocrx_word' id='word_1_167' title='bbox 406 2376 460 2453; x_wconf 82' lang='lat' dir='ltr'><strong>qui</strong></span> <span class='ocrx_word' id='word_1_168' title='bbox 482 2375 555 2435; x_wconf 80' lang='lat' dir='ltr'><strong>toltit</strong></span> <span class='ocrx_word' id='word_1_169' title='bbox 575 2381 694 2452; x_wconf 82' lang='lat' dir='ltr'><strong>peecata</strong></span> <span class='ocrx_word' id='word_1_170' title='bbox 713 2375 832 2434; x_wconf 66' lang='lat' dir='ltr'><strong>meridi.</strong></span> <span class='ocrx_word' id='word_1_171' title='bbox 876 2367 952 2434; x_wconf 88' lang='lat' dir='ltr'><strong>Non</strong></span> <span class='ocrx_word' id='word_1_172' title='bbox 973 2388 1048 2453; x_wconf 82' lang='lat' dir='ltr'><strong>ergo</strong></span> <span class='ocrx_word' id='word_1_173' title='bbox 1069 2371 1237 2453; x_wconf 76' lang='lat' dir='ltr'><strong>ignorabat</strong></span> <span class='ocrx_word' id='word_1_174' title='bbox 1258 2370 1334 2454; x_wconf 90' lang='lat' dir='ltr'><strong>quia</strong></span> <span class='ocrx_word' id='word_1_175' title='bbox 1354 2370 1422 2454; x_wconf 92' lang='lat' dir='ltr'><strong>ipse</strong></span> <span class='ocrx_word' id='word_1_176' title='bbox 1444 2376 1499 2451; x_wconf 89' lang='lat' dir='ltr'><strong>cst,</strong></span> 
     </span>
     <span class='ocr_line' id='line_1_18' title="bbox 182 2468 1499 2555; baseline -0.001 -19"><span class='ocrx_word' id='word_1_177' title='bbox 182 2475 257 2551; x_wconf 87' lang='lat' dir='ltr'><strong>sad,</strong></span> <span class='ocrx_word' id='word_1_178' title='bbox 288 2471 364 2555; x_wconf 88' lang='lat' dir='ltr'><strong>quia</strong></span> <span class='ocrx_word' id='word_1_179' title='bbox 392 2491 579 2554; x_wconf 79' lang='lat' dir='ltr'><strong>praecursor</strong></span> <span class='ocrx_word' id='word_1_180' title='bbox 609 2475 675 2535; x_wconf 89' lang='lat' dir='ltr'><strong>erat</strong></span> <span class='ocrx_word' id='word_1_181' title='bbox 701 2469 781 2550; x_wconf 90' lang='lat' dir='ltr'><strong>eius,</strong></span> <span class='ocrx_word' id='word_1_182' title='bbox 812 2468 1027 2552; x_wconf 81' lang='lat' dir='ltr'><strong>interrogabat</strong></span> <span class='ocrx_word' id='word_1_183' title='bbox 1054 2468 1082 2534; x_wconf 94' lang='lat' dir='ltr'><strong>si</strong></span> <span class='ocrx_word' id='word_1_184' title='bbox 1108 2469 1202 2533; x_wconf 91' lang='lat' dir='ltr'><strong>etiam</strong></span> <span class='ocrx_word' id='word_1_185' title='bbox 1230 2473 1270 2533; x_wconf 86' lang='lat' dir='ltr'><strong>ad</strong></span> <span class='ocrx_word' id='word_1_186' title='bbox 1293 2470 1412 2534; x_wconf 85' lang='lat' dir='ltr'><strong>inferos</strong></span> <span class='ocrx_word' id='word_1_187' title='bbox 1437 2470 1499 2554; x_wconf 91' lang='lat' dir='ltr'><strong>ipsi</strong></span> 
     </span>
     <span class='ocr_line' id='line_1_19' title="bbox 181 2567 1499 2654; baseline 0 -20"><span class='ocrx_word' id='word_1_188' title='bbox 181 2573 396 2654; x_wconf 81' lang='lat' dir='ltr'><strong>praecederet.</strong></span> <span class='ocrx_word' id='word_1_189' title='bbox 440 2569 566 2636; x_wconf 83' lang='lat' dir='ltr'><strong>Sciebat</strong></span> <span class='ocrx_word' id='word_1_190' title='bbox 586 2569 670 2634; x_wconf 90' lang='lat' dir='ltr'><strong>enim</strong></span> <span class='ocrx_word' id='word_1_191' title='bbox 694 2569 809 2634; x_wconf 84' lang='lat' dir='ltr'><strong>dixisse</strong></span> <span class='ocrx_word' id='word_1_192' title='bbox 830 2591 902 2634; x_wconf 90' lang='lat' dir='ltr'><strong>eum</strong></span> <span class='ocrx_word' id='word_1_193' title='bbox 924 2567 1099 2651; x_wconf 88' lang='lat' dir='ltr'><strong>discipulis:</strong></span> <span class='ocrx_word' id='word_1_194' title='bbox 1127 2573 1206 2633; x_wconf 83' lang='lat' dir='ltr'><strong>Uedo</strong></span> <span class='ocrx_word' id='word_1_195' title='bbox 1228 2579 1255 2633; x_wconf 83' lang='lat' dir='ltr'><strong>et</strong></span> <span class='ocrx_word' id='word_1_196' title='bbox 1274 2573 1393 2634; x_wconf 82' lang='lat' dir='ltr'><strong>mittam</strong></span> <span class='ocrx_word' id='word_1_197' title='bbox 1413 2575 1499 2634; x_wconf 81' lang='lat' dir='ltr'><strong>uehis</strong></span> 
     </span>
     <span class='ocr_line' id='line_1_20' title="bbox 182 2667 1496 2753; baseline 0.001 -19"><span class='ocrx_word' id='word_1_198' title='bbox 182 2675 285 2734; x_wconf 82' lang='lat' dir='ltr'><strong>eiiam</strong></span> <span class='ocrx_word' id='word_1_199' title='bbox 300 2674 495 2751; x_wconf 80' lang='lat' dir='ltr'><strong>paraciitum,</strong></span> <span class='ocrx_word' id='word_1_200' title='bbox 522 2672 562 2733; x_wconf 93' lang='lat' dir='ltr'><strong>de</strong></span> <span class='ocrx_word' id='word_1_201' title='bbox 583 2668 696 2752; x_wconf 89' lang='lat' dir='ltr'><strong>spiritu</strong></span> <span class='ocrx_word' id='word_1_202' title='bbox 717 2674 826 2734; x_wconf 88' lang='lat' dir='ltr'><strong>sancto</strong></span> <span class='ocrx_word' id='word_1_203' title='bbox 849 2669 964 2734; x_wconf 91' lang='lat' dir='ltr'><strong>dicens.</strong></span> <span class='ocrx_word' id='word_1_204' title='bbox 1004 2667 1171 2732; x_wconf 88' lang='lat' dir='ltr'><strong>Praeterea</strong></span> <span class='ocrx_word' id='word_1_205' title='bbox 1191 2667 1396 2753; x_wconf 78' lang='lat' dir='ltr'><strong>interrogatio</strong></span> <span class='ocrx_word' id='word_1_206' title='bbox 1418 2669 1496 2735; x_wconf 88' lang='lat' dir='ltr'><strong>haec</strong></span> 
     </span>
    </p>

    <p class='ocr_par' dir='ltr' id='par_1_8' title="bbox 128 2765 1499 3145">
     <span class='ocr_line' id='line_1_21' title="bbox 128 2765 1497 2851; baseline 0.006 -23"><span class='ocrx_word' id='word_1_207' title='bbox 128 2769 285 2834; x_wconf 79' lang='grc'>20011000</span> <span class='ocrx_word' id='word_1_208' title='bbox 306 2767 387 2833; x_wconf 93' lang='lat' dir='ltr'><strong>illud</strong></span> <span class='ocrx_word' id='word_1_209' title='bbox 407 2769 491 2832; x_wconf 87' lang='lat' dir='ltr'><strong>intra</strong></span> <span class='ocrx_word' id='word_1_210' title='bbox 512 2790 545 2833; x_wconf 89' lang='lat' dir='ltr'><strong>se</strong></span> <span class='ocrx_word' id='word_1_211' title='bbox 567 2767 707 2834; x_wconf 88' lang='lat' dir='ltr'><strong>continet</strong></span> <span class='ocrx_word' id='word_1_212' title='bbox 727 2768 871 2846; x_wconf 87' lang='lat' dir='ltr'><strong>rationis,</strong></span> <span class='ocrx_word' id='word_1_213' title='bbox 895 2772 943 2846; x_wconf 86' lang='lat' dir='ltr'><strong>ut,</strong></span> <span class='ocrx_word' id='word_1_214' title='bbox 971 2767 1046 2851; x_wconf 86' lang='lat' dir='ltr'><strong>quia</strong></span> <span class='ocrx_word' id='word_1_215' title='bbox 1071 2765 1217 2850; x_wconf 91' lang='lat' dir='ltr'><strong>discipuli</strong></span> <span class='ocrx_word' id='word_1_216' title='bbox 1238 2765 1386 2835; x_wconf 87' lang='lat' dir='ltr'><strong>Iohannis</strong></span> <span class='ocrx_word' id='word_1_217' title='bbox 1418 2771 1497 2836; x_wconf 89' lang='lat' dir='ltr'><strong>duos</strong></span> 
     </span>
     <span class='ocr_line' id='line_1_22' title="bbox 185 2865 1499 2954; baseline 0.002 -22"><span class='ocrx_word' id='word_1_218' title='bbox 185 2867 320 2951; x_wconf 88' lang='lat' dir='ltr'><strong>quidem</strong></span> <span class='ocrx_word' id='word_1_219' title='bbox 346 2870 501 2933; x_wconf 89' lang='lat' dir='ltr'><strong>aduentus</strong></span> <span class='ocrx_word' id='word_1_220' title='bbox 528 2865 644 2933; x_wconf 79' lang='lat' dir='ltr'><strong>Christi</strong></span> <span class='ocrx_word' id='word_1_221' title='bbox 669 2889 733 2932; x_wconf 93' lang='grc'><strong>000</strong></span> <span class='ocrx_word' id='word_1_222' title='bbox 759 2867 960 2952; x_wconf 77' lang='lat' dir='ltr'><strong>ignorabant,</strong></span> <span class='ocrx_word' id='word_1_223' title='bbox 986 2870 1073 2951; x_wconf 93' lang='lat' dir='ltr'><strong>quod</strong></span> <span class='ocrx_word' id='word_1_224' title='bbox 1098 2871 1203 2932; x_wconf 88' lang='lat' dir='ltr'><strong>autem</strong></span> <span class='ocrx_word' id='word_1_225' title='bbox 1228 2866 1296 2950; x_wconf 89' lang='lat' dir='ltr'><strong>ipse</strong></span> <span class='ocrx_word' id='word_1_226' title='bbox 1322 2874 1415 2948; x_wconf 88' lang='lat' dir='ltr'><strong>esset,</strong></span> <span class='ocrx_word' id='word_1_227' title='bbox 1442 2870 1499 2954; x_wconf 92' lang='lat' dir='ltr'><strong>qui</strong></span> 
     </span>
     <span class='ocr_line' id='line_1_23' title="bbox 185 2966 1497 3052; baseline 0.002 -20"><span class='ocrx_word' id='word_1_228' title='bbox 185 2971 361 3050; x_wconf 86' lang='lat' dir='ltr'><strong>utrumque</strong></span> <span class='ocrx_word' id='word_1_229' title='bbox 382 2966 527 3052; x_wconf 88' lang='lat' dir='ltr'><strong>impleiet</strong></span> <span class='ocrx_word' id='word_1_230' title='bbox 548 2969 731 3048; x_wconf 88' lang='lat' dir='ltr'><strong>aduentum,</strong></span> <span class='ocrx_word' id='word_1_231' title='bbox 758 2989 798 3031; x_wconf 93' lang='lat' dir='ltr'><strong>ne</strong></span> <span class='ocrx_word' id='word_1_232' title='bbox 820 2966 967 3050; x_wconf 86' lang='lat' dir='ltr'><strong>discipuli</strong></span> <span class='ocrx_word' id='word_1_233' title='bbox 989 2966 1179 3045; x_wconf 77' lang='lat' dir='ltr'><strong>dubitarent,</strong></span> <span class='ocrx_word' id='word_1_234' title='bbox 1205 2966 1316 3032; x_wconf 89' lang='lat' dir='ltr'><strong>uolens</strong></span> <span class='ocrx_word' id='word_1_235' title='bbox 1341 2967 1497 3034; x_wconf 89' lang='lat' dir='ltr'><strong>Iohannes</strong></span> 
     </span>
     <span class='ocr_line' id='line_1_24' title="bbox 187 3065 1497 3145; baseline 0.002 -14"><span class='ocrx_word' id='word_1_236' title='bbox 187 3065 377 3131; x_wconf 87' lang='lat' dir='ltr'><strong>confirmare</strong></span> <span class='ocrx_word' id='word_1_237' title='bbox 386 3089 447 3144; x_wconf 87' lang='lat' dir='ltr'><strong>eos,</strong></span> <span class='ocrx_word' id='word_1_238' title='bbox 458 3067 619 3132; x_wconf 89' lang='lat' dir='ltr'><strong>discedens</strong></span> <span class='ocrx_word' id='word_1_239' title='bbox 629 3069 668 3132; x_wconf 90' lang='lat' dir='ltr'><strong>dc</strong></span> <span class='ocrx_word' id='word_1_240' title='bbox 677 3068 738 3132; x_wconf 91' lang='lat' dir='ltr'><strong>hoc</strong></span> <span class='ocrx_word' id='word_1_241' title='bbox 750 3069 868 3132; x_wconf 87' lang='lat' dir='ltr'><strong>mundo</strong></span> <span class='ocrx_word' id='word_1_242' title='bbox 877 3066 975 3131; x_wconf 88' lang='lat' dir='ltr'><strong>mittit</strong></span> <span class='ocrx_word' id='word_1_243' title='bbox 990 3087 1042 3130; x_wconf 90' lang='lat' dir='ltr'><strong>eos</strong></span> <span class='ocrx_word' id='word_1_244' title='bbox 1052 3068 1092 3130; x_wconf 88' lang='lat' dir='ltr'><strong>ad</strong></span> <span class='ocrx_word' id='word_1_245' title='bbox 1102 3065 1271 3145; x_wconf 89' lang='lat' dir='ltr'><strong>dominum,</strong></span> <span class='ocrx_word' id='word_1_246' title='bbox 1281 3067 1379 3132; x_wconf 87' lang='lat' dir='ltr'><strong>veluti</strong></span> <span class='ocrx_word' id='word_1_247' title='bbox 1388 3091 1497 3134; x_wconf 88' lang='lat' dir='ltr'><strong>seruus</strong></span> 
     </span>
    </p>

    <p class='ocr_par' dir='ltr' id='par_1_9' title="bbox 185 3178 1499 4350">
     <span class='ocr_line' id='line_1_25' title="bbox 278 3178 1498 3253; baseline 0.002 -18"><span class='ocrx_word' id='word_1_248' title='bbox 278 3181 293 3235; x_wconf 88' lang='lat'>1</span> <span class='ocrx_word' id='word_1_249' title='bbox 314 3178 553 3237; x_wconf 84' lang='lat' dir='ltr'><strong>Wahrsoheinlich</strong></span> <span class='ocrx_word' id='word_1_250' title='bbox 569 3181 606 3238; x_wconf 88' lang='lat' dir='ltr'><strong>ist</strong></span> <span class='ocrx_word' id='word_1_251' title='bbox 627 3183 681 3236; x_wconf 77' lang='grc'>0011</span> <span class='ocrx_word' id='word_1_252' title='bbox 703 3202 737 3238; x_wconf 86' lang='lat' dir='ltr'><strong>au</strong></span> <span class='ocrx_word' id='word_1_253' title='bbox 754 3183 830 3238; x_wconf 85' lang='lat' dir='ltr'><strong>lesen</strong></span> <span class='ocrx_word' id='word_1_254' title='bbox 847 3183 898 3253; x_wconf 75' lang='lat' dir='ltr'><strong>(gr.</strong></span> <span class='ocrx_word' id='word_1_255' title='bbox 916 3178 1058 3253; x_wconf 80' lang='grc' dir='ltr'>ἐκβαίνει).</span> <span class='ocrx_word' id='word_1_256' title='bbox 1094 3179 1171 3236; x_wconf 88' lang='lat' dir='ltr'><strong>Doch</strong></span> <span class='ocrx_word' id='word_1_257' title='bbox 1190 3180 1282 3236; x_wconf 89' lang='lat' dir='ltr'><strong>haben</strong></span> <span class='ocrx_word' id='word_1_258' title='bbox 1299 3182 1371 3237; x_wconf 89' lang='lat' dir='ltr'><strong>anch</strong></span> <span class='ocrx_word' id='word_1_259' title='bbox 1388 3183 1453 3239; x_wconf 87' lang='lat' dir='ltr'><strong>Cod.</strong></span> <span class='ocrx_word' id='word_1_260' title='bbox 1472 3185 1498 3239; x_wconf 90' lang='lat' dir='ltr'><strong>S.</strong></span> 
     </span>
     <span class='ocr_line' id='line_1_26' title="bbox 188 3265 1498 3338; baseline 0.003 -18"><span class='ocrx_word' id='word_1_261' title='bbox 188 3265 283 3320; x_wconf 85' lang='lat' dir='ltr'><strong>Germ.</strong></span> <span class='ocrx_word' id='word_1_262' title='bbox 301 3265 325 3332; x_wconf 82' lang='lat'><strong>2,</strong></span> <span class='ocrx_word' id='word_1_263' title='bbox 344 3265 410 3320; x_wconf 82' lang='lat' dir='ltr'><strong>God.</strong></span> <span class='ocrx_word' id='word_1_264' title='bbox 429 3267 453 3320; x_wconf 93' lang='lat' dir='ltr'><strong>S.</strong></span> <span class='ocrx_word' id='word_1_265' title='bbox 473 3265 535 3323; x_wconf 73' lang='lat' dir='ltr'><strong>aaa</strong></span> <span class='ocrx_word' id='word_1_266' title='bbox 552 3267 610 3321; x_wconf 89' lang='lat' dir='ltr'><strong>und</strong></span> <span class='ocrx_word' id='word_1_267' title='bbox 627 3266 693 3322; x_wconf 76' lang='lat' dir='ltr'><strong>eod</strong></span> <span class='ocrx_word' id='word_1_268' title='bbox 711 3267 777 3338; x_wconf 74' lang='lat' dir='ltr'><strong>Mai.</strong></span> <span class='ocrx_word' id='word_1_269' title='bbox 795 3269 870 3323; x_wconf 87' lang='lat' dir='ltr'><strong>Mon.</strong></span> <span class='ocrx_word' id='word_1_270' title='bbox 887 3267 933 3321; x_wconf 90' lang='lat' dir='ltr'><strong>bei</strong></span> <span class='ocrx_word' id='word_1_271' title='bbox 950 3266 1013 3323; x_wconf 84' lang='lat' dir='ltr'><strong>Sab.</strong></span> <span class='ocrx_word' id='word_1_272' title='bbox 1031 3283 1053 3321; x_wconf 84' lang='lat' dir='ltr'><strong>e.</strong></span> <span class='ocrx_word' id='word_1_273' title='bbox 1072 3265 1098 3319; x_wconf 89' lang='grc'><strong>(1.</strong></span> <span class='ocrx_word' id='word_1_274' title='bbox 1116 3265 1155 3322; x_wconf 85' lang='lat' dir='ltr'><strong>St.</strong></span> <span class='ocrx_word' id='word_1_275' title='bbox 1173 3265 1241 3320; x_wconf 68' lang='lat' dir='ltr'><strong>wiri</strong></span> <span class='ocrx_word' id='word_1_276' title='bbox 1256 3267 1260 3334; x_wconf 85' lang='grc' dir='ltr'>Ι</span> <span class='ocrx_word' id='word_1_277' title='bbox 1277 3267 1313 3322; x_wconf 91' lang='grc'><strong>11</strong></span> <span class='ocrx_word' id='word_1_278' title='bbox 1334 3267 1412 3338; x_wconf 87' lang='lat' dir='ltr'><strong>dixit]</strong></span> <span class='ocrx_word' id='word_1_279' title='bbox 1432 3269 1498 3324; x_wconf 88' lang='lat' dir='ltr'><strong>Cod.</strong></span> 
     </span>
     <span class='ocr_line' id='line_1_27' title="bbox 188 3348 1498 3408; baseline 0.004 -5"><span class='ocrx_word' id='word_1_280' title='bbox 188 3348 292 3404; x_wconf 87' lang='lat' dir='ltr'><strong>dicens.</strong></span> <span class='ocrx_word' id='word_1_281' title='bbox 322 3349 1192 3407; x_wconf 66' lang='grc'>11000000010100100100000011-01100000100011100-</span> <span class='ocrx_word' id='word_1_282' title='bbox 1204 3349 1283 3406; x_wconf 76' lang='lat' dir='ltr'><strong>droit.</strong></span> <span class='ocrx_word' id='word_1_283' title='bbox 1312 3351 1368 3406; x_wconf 86' lang='lat' dir='ltr'><strong>Dae</strong></span> <span class='ocrx_word' id='word_1_284' title='bbox 1385 3352 1498 3408; x_wconf 83' lang='lat' dir='ltr'><strong>letrtere</strong></span> 
     </span>
     <span class='ocr_line' id='line_1_28' title="bbox 188 3433 1499 3508; baseline 0.005 -22"><span class='ocrx_word' id='word_1_285' title='bbox 188 3433 344 3504; x_wconf 88' lang='lat' dir='ltr'><strong>entsprioht</strong></span> <span class='ocrx_word' id='word_1_286' title='bbox 360 3435 410 3490; x_wconf 86' lang='lat' dir='ltr'><strong>Mt.</strong></span> <span class='ocrx_word' id='word_1_287' title='bbox 423 3439 468 3490; x_wconf 89' lang='lat'><strong>11:</strong></span> <span class='ocrx_word' id='word_1_288' title='bbox 481 3436 505 3500; x_wconf 81' lang='lat'><strong>2,</strong></span> <span class='ocrx_word' id='word_1_289' title='bbox 518 3437 541 3500; x_wconf 87' lang='grc'><strong>3,</strong></span> <span class='ocrx_word' id='word_1_290' title='bbox 561 3435 610 3490; x_wconf 88' lang='lat' dir='ltr'><strong>das</strong></span> <span class='ocrx_word' id='word_1_291' title='bbox 621 3439 722 3492; x_wconf 84' lang='lat' dir='ltr'><strong>cratere</strong></span> <span class='ocrx_word' id='word_1_292' title='bbox 734 3436 797 3492; x_wconf 89' lang='lat' dir='ltr'><strong>dem</strong></span> <span class='ocrx_word' id='word_1_293' title='bbox 814 3455 854 3508; x_wconf 82' lang='lat' dir='ltr'><strong>gr.</strong></span> <span class='ocrx_word' id='word_1_294' title='bbox 867 3437 945 3494; x_wconf 82' lang='lat' dir='ltr'><strong>Text.</strong></span> <span class='ocrx_word' id='word_1_295' title='bbox 974 3434 1011 3490; x_wconf 81' lang='lat' dir='ltr'><strong>Es</strong></span> <span class='ocrx_word' id='word_1_296' title='bbox 1029 3436 1143 3502; x_wconf 90' lang='lat' dir='ltr'><strong>scheint,</strong></span> <span class='ocrx_word' id='word_1_297' title='bbox 1162 3435 1203 3490; x_wconf 89' lang='lat' dir='ltr'><strong>als</strong></span> <span class='ocrx_word' id='word_1_298' title='bbox 1214 3436 1286 3491; x_wconf 88' lang='lat' dir='ltr'><strong>habe</strong></span> <span class='ocrx_word' id='word_1_299' title='bbox 1298 3435 1346 3491; x_wconf 87' lang='lat' dir='ltr'><strong>der</strong></span> <span class='ocrx_word' id='word_1_300' title='bbox 1357 3436 1499 3493; x_wconf 85' lang='lat' dir='ltr'><strong>Schreiber</strong></span> 
     </span>
     <span class='ocr_line' id='line_1_29' title="bbox 188 3519 1497 3592; baseline 0.005 -20"><span class='ocrx_word' id='word_1_301' title='bbox 188 3520 246 3572; x_wconf 85' lang='lat' dir='ltr'><strong>erat</strong></span> <span class='ocrx_word' id='word_1_302' title='bbox 269 3533 353 3588; x_wconf 81' lang='lat' dir='ltr'><strong>sagea</strong></span> <span class='ocrx_word' id='word_1_303' title='bbox 375 3519 476 3575; x_wconf 83' lang='lat' dir='ltr'><strong>wellen</strong></span> <span class='ocrx_word' id='word_1_304' title='bbox 498 3519 609 3575; x_wconf 90' lang='lat' dir='ltr'><strong>mittens</strong></span> <span class='ocrx_word' id='word_1_305' title='bbox 622 3551 655 3560; x_wconf 99' lang='lat'>-</span> <span class='ocrx_word' id='word_1_306' title='bbox 668 3520 750 3590; x_wconf 85' lang='lat' dir='ltr'><strong>dixit,</strong></span> <span class='ocrx_word' id='word_1_307' title='bbox 778 3521 853 3576; x_wconf 84' lang='lat' dir='ltr'><strong>daun</strong></span> <span class='ocrx_word' id='word_1_308' title='bbox 871 3520 937 3574; x_wconf 88' lang='lat' dir='ltr'><strong>aber</strong></span> <span class='ocrx_word' id='word_1_309' title='bbox 958 3522 1027 3575; x_wconf 86' lang='lat' dir='ltr'><strong>statt</strong></span> <span class='ocrx_word' id='word_1_310' title='bbox 1044 3519 1131 3576; x_wconf 86' lang='lat' dir='ltr'><strong>dieses</strong></span> <span class='ocrx_word' id='word_1_311' title='bbox 1149 3520 1257 3576; x_wconf 87' lang='lat' dir='ltr'><strong>Wortee</strong></span> <span class='ocrx_word' id='word_1_312' title='bbox 1274 3520 1366 3575; x_wconf 80' lang='lat' dir='ltr'><strong>diceres</strong></span> <span class='ocrx_word' id='word_1_313' title='bbox 1385 3525 1497 3592; x_wconf 85' lang='lat' dir='ltr'><strong>gesetet,</strong></span> 
     </span>
     <span class='ocr_line' id='line_1_30' title="bbox 185 3601 1497 3675; baseline 0.005 -20"><span class='ocrx_word' id='word_1_314' title='bbox 185 3601 252 3658; x_wconf 83' lang='lat' dir='ltr'><strong>weil</strong></span> <span class='ocrx_word' id='word_1_315' title='bbox 269 3601 300 3656; x_wconf 90' lang='lat' dir='ltr'><strong>in</strong></span> <span class='ocrx_word' id='word_1_316' title='bbox 317 3603 366 3657; x_wconf 89' lang='lat' dir='ltr'><strong>der</strong></span> <span class='ocrx_word' id='word_1_317' title='bbox 382 3603 485 3658; x_wconf 79' lang='lat' dir='ltr'><strong>schrift</strong></span> <span class='ocrx_word' id='word_1_318' title='bbox 501 3604 595 3658; x_wconf 88' lang='lat' dir='ltr'><strong>dicens</strong></span> <span class='ocrx_word' id='word_1_319' title='bbox 613 3622 643 3661; x_wconf 89' lang='grc'><strong>00</strong></span> <span class='ocrx_word' id='word_1_320' title='bbox 660 3605 703 3660; x_wconf 89' lang='grc'><strong>011</strong></span> <span class='ocrx_word' id='word_1_321' title='bbox 721 3605 927 3661; x_wconf 77' lang='lat' dir='ltr'><strong>anaufthrende</strong></span> <span class='ocrx_word' id='word_1_322' title='bbox 944 3603 1041 3660; x_wconf 87' lang='lat' dir='ltr'><strong>Worte</strong></span> <span class='ocrx_word' id='word_1_323' title='bbox 1058 3603 1184 3661; x_wconf 86' lang='lat' dir='ltr'><strong>sinleitet</strong></span> <span class='ocrx_word' id='word_1_324' title='bbox 1206 3607 1210 3674; x_wconf 90' lang='grc' dir='ltr'>Ι</span> <span class='ocrx_word' id='word_1_325' title='bbox 1235 3607 1271 3661; x_wconf 73' lang='lat' dir='ltr'><strong>lt</strong></span> <span class='ocrx_word' id='word_1_326' title='bbox 1290 3603 1354 3660; x_wconf 83' lang='lat' dir='ltr'><strong>ch.</strong></span> <span class='ocrx_word' id='word_1_327' title='bbox 1372 3623 1497 3675; x_wconf 87' lang='lat' dir='ltr'><strong>praesen·</strong></span> 
     </span>
     <span class='ocr_line' id='line_1_31' title="bbox 185 3686 1497 3760; baseline 0.002 -19"><span class='ocrx_word' id='word_1_328' title='bbox 185 3687 251 3741; x_wconf 87' lang='lat' dir='ltr'><strong>tiali</strong></span> <span class='ocrx_word' id='word_1_329' title='bbox 263 3686 306 3742; x_wconf 91' lang='lat' dir='ltr'><strong>cui</strong></span> <span class='ocrx_word' id='word_1_330' title='bbox 322 3688 326 3754; x_wconf 92' lang='grc' dir='ltr'>Ι</span> <span class='ocrx_word' id='word_1_331' title='bbox 343 3687 376 3742; x_wconf 78' lang='grc'><strong>11</strong></span> <span class='ocrx_word' id='word_1_332' title='bbox 390 3686 455 3742; x_wconf 82' lang='lat' dir='ltr'><strong>God.</strong></span> <span class='ocrx_word' id='word_1_333' title='bbox 468 3687 526 3759; x_wconf 89' lang='lat' dir='ltr'><strong>ipse</strong></span> <span class='ocrx_word' id='word_1_334' title='bbox 537 3690 713 3760; x_wconf 84' lang='lat' dir='ltr'><strong>praecederet</strong></span> <span class='ocrx_word' id='word_1_335' title='bbox 728 3691 732 3759; x_wconf 87' lang='grc' dir='ltr'>Ι</span> <span class='ocrx_word' id='word_1_336' title='bbox 748 3691 788 3747; x_wconf 81' lang='grc'><strong>20</strong></span> <span class='ocrx_word' id='word_1_337' title='bbox 801 3691 856 3746; x_wconf 88' lang='lat' dir='ltr'><strong>Der</strong></span> <span class='ocrx_word' id='word_1_338' title='bbox 866 3709 900 3744; x_wconf 86' lang='lat' dir='ltr'><strong>zu</strong></span> <span class='ocrx_word' id='word_1_339' title='bbox 914 3691 975 3743; x_wconf 81' lang='lat' dir='ltr'><strong>›ut‹</strong></span> <span class='ocrx_word' id='word_1_340' title='bbox 989 3689 1120 3760; x_wconf 78' lang='lat' dir='ltr'><strong>gehtrige</strong></span> <span class='ocrx_word' id='word_1_341' title='bbox 1133 3690 1196 3744; x_wconf 82' lang='lat' dir='ltr'><strong>Sata</strong></span> <span class='ocrx_word' id='word_1_342' title='bbox 1208 3691 1279 3745; x_wconf 82' lang='lat' dir='ltr'><strong>fehlt</strong></span> <span class='ocrx_word' id='word_1_343' title='bbox 1290 3690 1328 3745; x_wconf 92' lang='lat' dir='ltr'><strong>im</strong></span> <span class='ocrx_word' id='word_1_344' title='bbox 1340 3689 1497 3760; x_wconf 83' lang='lat' dir='ltr'><strong>folgenden,</strong></span> 
     </span>
     <span class='ocr_line' id='line_1_32' title="bbox 186 3769 1498 3844; baseline 0.005 -19"><span class='ocrx_word' id='word_1_345' title='bbox 186 3769 282 3826; x_wconf 89' lang='lat' dir='ltr'><strong>indem</strong></span> <span class='ocrx_word' id='word_1_346' title='bbox 309 3770 354 3826; x_wconf 91' lang='lat' dir='ltr'><strong>die</strong></span> <span class='ocrx_word' id='word_1_347' title='bbox 376 3771 451 3827; x_wconf 84' lang='lat' dir='ltr'><strong>Reda</strong></span> <span class='ocrx_word' id='word_1_348' title='bbox 474 3773 561 3828; x_wconf 88' lang='lat' dir='ltr'><strong>durch</strong></span> <span class='ocrx_word' id='word_1_349' title='bbox 584 3774 628 3830; x_wconf 88' lang='lat' dir='ltr'><strong>die</strong></span> <span class='ocrx_word' id='word_1_350' title='bbox 645 3775 697 3830; x_wconf 92' lang='lat' dir='ltr'><strong>mit</strong></span> <span class='ocrx_word' id='word_1_351' title='bbox 720 3775 815 3843; x_wconf 76' lang='grc' dir='ltr'>»001οι</span> <span class='ocrx_word' id='word_1_352' title='bbox 839 3773 1034 3844; x_wconf 80' lang='lat' dir='ltr'><strong>beginnenden</strong></span> <span class='ocrx_word' id='word_1_353' title='bbox 1051 3773 1267 3830; x_wconf 80' lang='lat' dir='ltr'><strong>Zwischensttee</strong></span> <span class='ocrx_word' id='word_1_354' title='bbox 1285 3774 1498 3831; x_wconf 78' lang='lat' dir='ltr'><strong>anatoluthisoh</strong></span> 
     </span>
     <span class='ocr_line' id='line_1_33' title="bbox 186 3843 1499 3930; baseline 0.004 -21"><span class='ocrx_word' id='word_1_355' title='bbox 186 3855 265 3910; x_wconf 83' lang='lat' dir='ltr'><strong>wird.</strong></span> <span class='ocrx_word' id='word_1_356' title='bbox 295 3855 350 3911; x_wconf 88' lang='lat' dir='ltr'><strong>Der</strong></span> <span class='ocrx_word' id='word_1_357' title='bbox 365 3843 523 3912; x_wconf 77' lang='lat' dir='ltr'><strong>Ubersetecr</strong></span> <span class='ocrx_word' id='word_1_358' title='bbox 538 3859 604 3914; x_wconf 76' lang='lat' dir='ltr'><strong>telle</strong></span> <span class='ocrx_word' id='word_1_359' title='bbox 621 3877 677 3915; x_wconf 84' lang='lat' dir='ltr'><strong>ron</strong></span> <span class='ocrx_word' id='word_1_360' title='bbox 697 3878 748 3916; x_wconf 77' lang='lat' dir='ltr'><strong>»ne</strong></span> <span class='ocrx_word' id='word_1_361' title='bbox 759 3858 901 3930; x_wconf 77' lang='lat' dir='ltr'><strong>discipuli«</strong></span> <span class='ocrx_word' id='word_1_362' title='bbox 922 3875 958 3912; x_wconf 83' lang='lat' dir='ltr'><strong>an</strong></span> <span class='ocrx_word' id='word_1_363' title='bbox 972 3875 1020 3912; x_wconf 83' lang='lat' dir='ltr'><strong>aus</strong></span> <span class='ocrx_word' id='word_1_364' title='bbox 1032 3858 1081 3912; x_wconf 88' lang='lat' dir='ltr'><strong>der</strong></span> <span class='ocrx_word' id='word_1_365' title='bbox 1092 3859 1292 3914; x_wconf 84' lang='lat' dir='ltr'><strong>Konstrulrtion</strong></span> <span class='ocrx_word' id='word_1_366' title='bbox 1307 3860 1311 3916; x_wconf 93' lang='grc' dir='ltr'>Ι</span> <span class='ocrx_word' id='word_1_367' title='bbox 1328 3860 1367 3914; x_wconf 90' lang='grc'><strong>22</strong></span> <span class='ocrx_word' id='word_1_368' title='bbox 1387 3858 1499 3930; x_wconf 83' lang='lat' dir='ltr'><strong>Caepari</strong></span> 
     </span>
     <span class='ocr_line' id='line_1_34' title="bbox 186 3938 1497 4014; baseline 0.004 -23"><span class='ocrx_word' id='word_1_369' title='bbox 186 3941 259 3994; x_wconf 84' lang='lat' dir='ltr'><strong>aetat</strong></span> <span class='ocrx_word' id='word_1_370' title='bbox 279 3938 469 3996; x_wconf 80' lang='lat' dir='ltr'><strong>›nesciebant‹</strong></span> <span class='ocrx_word' id='word_1_371' title='bbox 488 3945 561 3997; x_wconf 90' lang='lat' dir='ltr'><strong>nach</strong></span> <span class='ocrx_word' id='word_1_372' title='bbox 580 3944 759 4000; x_wconf 79' lang='lat' dir='ltr'><strong>»adventum«</strong></span> <span class='ocrx_word' id='word_1_373' title='bbox 780 3944 836 4008; x_wconf 90' lang='lat' dir='ltr'><strong>ein;</strong></span> <span class='ocrx_word' id='word_1_374' title='bbox 856 3942 1116 4000; x_wconf 61' lang='lat' dir='ltr'><strong>coercuissent.</strong></span> <span class='ocrx_word' id='word_1_375' title='bbox 1135 3944 1215 4000; x_wconf 80' lang='lat' dir='ltr'><strong>hcine</strong></span> <span class='ocrx_word' id='word_1_376' title='bbox 1227 3943 1394 4014; x_wconf 76' lang='lat' dir='ltr'><strong>Ergtnznng</strong></span> <span class='ocrx_word' id='word_1_377' title='bbox 1410 3943 1497 4013; x_wconf 78' lang='lat' dir='ltr'><strong>nbtig.</strong></span> 
     </span>
     <span class='ocr_line' id='line_1_35' title="bbox 187 4023 1498 4098; baseline 0.003 -20"><span class='ocrx_word' id='word_1_378' title='bbox 187 4023 254 4078; x_wconf 84' lang='lat' dir='ltr'><strong>Men</strong></span> <span class='ocrx_word' id='word_1_379' title='bbox 272 4023 441 4080; x_wconf 74' lang='lat' dir='ltr'><strong>tonstruire:</strong></span> <span class='ocrx_word' id='word_1_380' title='bbox 462 4026 524 4092; x_wconf 80' lang='lat' dir='ltr'><strong>»Ut</strong></span> <span class='ocrx_word' id='word_1_381' title='bbox 542 4027 608 4096; x_wconf 88' lang='lat' dir='ltr'><strong>quia</strong></span> <span class='ocrx_word' id='word_1_382' title='bbox 624 4059 658 4068; x_wconf 94' lang='lat'>—</span> <span class='ocrx_word' id='word_1_383' title='bbox 675 4028 850 4098; x_wconf 80' lang='lat' dir='ltr'><strong>ignorabant,</strong></span> <span class='ocrx_word' id='word_1_384' title='bbox 868 4045 903 4082; x_wconf 87' lang='grc'><strong>00</strong></span> <span class='ocrx_word' id='word_1_385' title='bbox 921 4025 1046 4098; x_wconf 90' lang='lat' dir='ltr'><strong>discipuli</strong></span> <span class='ocrx_word' id='word_1_386' title='bbox 1063 4027 1222 4082; x_wconf 86' lang='lat' dir='ltr'><strong>dubitarent</strong></span> <span class='ocrx_word' id='word_1_387' title='bbox 1239 4028 1313 4097; x_wconf 89' lang='lat' dir='ltr'><strong>quod</strong></span> <span class='ocrx_word' id='word_1_388' title='bbox 1331 4030 1423 4083; x_wconf 87' lang='lat' dir='ltr'><strong>autem</strong></span> <span class='ocrx_word' id='word_1_389' title='bbox 1440 4027 1498 4098; x_wconf 87' lang='lat' dir='ltr'><strong>ipse</strong></span> 
     </span>
     <span class='ocr_line' id='line_1_36' title="bbox 187 4108 1499 4180; baseline 0.002 -17"><span class='ocrx_word' id='word_1_390' title='bbox 187 4111 260 4163; x_wconf 85' lang='lat' dir='ltr'><strong>esset</strong></span> <span class='ocrx_word' id='word_1_391' title='bbox 277 4139 310 4148; x_wconf 88' lang='lat'>—</span> <span class='ocrx_word' id='word_1_392' title='bbox 328 4108 456 4180; x_wconf 89' lang='lat' dir='ltr'><strong>impleret</strong></span> <span class='ocrx_word' id='word_1_393' title='bbox 473 4110 629 4179; x_wconf 83' lang='lat' dir='ltr'><strong>adrentum,</strong></span> <span class='ocrx_word' id='word_1_394' title='bbox 653 4113 714 4169; x_wconf 90' lang='lat' dir='ltr'><strong>Joh.</strong></span> <span class='ocrx_word' id='word_1_395' title='bbox 732 4114 827 4170; x_wconf 86' lang='lat' dir='ltr'><strong>volens</strong></span> <span class='ocrx_word' id='word_1_396' title='bbox 845 4115 912 4168; x_wconf 77' lang='lat' dir='ltr'><strong>cat«</strong></span> <span class='ocrx_word' id='word_1_397' title='bbox 932 4111 958 4166; x_wconf 85' lang='lat' dir='ltr'><strong>d.</strong></span> <span class='ocrx_word' id='word_1_398' title='bbox 976 4111 1016 4165; x_wconf 93' lang='lat' dir='ltr'><strong>h.:</strong></span> <span class='ocrx_word' id='word_1_399' title='bbox 1039 4111 1127 4166; x_wconf 85' lang='lat' dir='ltr'><strong>demit</strong></span> <span class='ocrx_word' id='word_1_400' title='bbox 1144 4111 1189 4167; x_wconf 89' lang='lat' dir='ltr'><strong>die</strong></span> <span class='ocrx_word' id='word_1_401' title='bbox 1206 4113 1277 4168; x_wconf 89' lang='lat' dir='ltr'><strong>Disc.</strong></span> <span class='ocrx_word' id='word_1_402' title='bbox 1296 4112 1343 4167; x_wconf 89' lang='grc'>(100</span> <span class='ocrx_word' id='word_1_403' title='bbox 1361 4112 1431 4176; x_wconf 77' lang='grc'>1010,</span> <span class='ocrx_word' id='word_1_404' title='bbox 1454 4111 1499 4166; x_wconf 90' lang='lat' dir='ltr'><strong>die</strong></span> 
     </span>
     <span class='ocr_line' id='line_1_37' title="bbox 188 4192 1498 4268; baseline 0.003 -23"><span class='ocrx_word' id='word_1_405' title='bbox 188 4209 262 4246; x_wconf 79' lang='lat' dir='ltr'><strong>ewar</strong></span> <span class='ocrx_word' id='word_1_406' title='bbox 278 4192 323 4248; x_wconf 91' lang='lat' dir='ltr'><strong>die</strong></span> <span class='ocrx_word' id='word_1_407' title='bbox 346 4195 414 4250; x_wconf 81' lang='lat' dir='ltr'><strong>zuei</strong></span> <span class='ocrx_word' id='word_1_408' title='bbox 431 4197 585 4268; x_wconf 80' lang='lat' dir='ltr'><strong>reapoooler</strong></span> <span class='ocrx_word' id='word_1_409' title='bbox 607 4196 745 4264; x_wconf 86' lang='lat' dir='ltr'><strong>kannten,</strong></span> <span class='ocrx_word' id='word_1_410' title='bbox 771 4196 850 4251; x_wconf 88' lang='lat' dir='ltr'><strong>nicht</strong></span> <span class='ocrx_word' id='word_1_411' title='bbox 869 4195 994 4250; x_wconf 84' lang='lat' dir='ltr'><strong>eweifeln</strong></span> <span class='ocrx_word' id='word_1_412' title='bbox 1014 4194 1126 4262; x_wconf 87' lang='lat' dir='ltr'><strong>sollten,</strong></span> <span class='ocrx_word' id='word_1_413' title='bbox 1154 4195 1217 4249; x_wconf 81' lang='lat' dir='ltr'><strong>dass</strong></span> <span class='ocrx_word' id='word_1_414' title='bbox 1235 4195 1358 4251; x_wconf 86' lang='lat' dir='ltr'><strong>darselbe</strong></span> <span class='ocrx_word' id='word_1_415' title='bbox 1377 4195 1498 4250; x_wconf 82' lang='lat' dir='ltr'><strong>Christus</strong></span> 
     </span>
     <span class='ocr_line' id='line_1_38' title="bbox 187 4275 1498 4350; baseline 0.002 -18"><span class='ocrx_word' id='word_1_416' title='bbox 187 4275 422 4335; x_wconf 76' lang='lat' dir='ltr'><strong>wiederlrommen</strong></span> <span class='ocrx_word' id='word_1_417' title='bbox 439 4279 534 4336; x_wconf 81' lang='lat' dir='ltr'><strong>wtlrde</strong></span> <span class='ocrx_word' id='word_1_418' title='bbox 552 4309 585 4320; x_wconf 91' lang='lat'>—</span> <span class='ocrx_word' id='word_1_419' title='bbox 603 4299 633 4336; x_wconf 89' lang='grc'><strong>00</strong></span> <span class='ocrx_word' id='word_1_420' title='bbox 651 4283 748 4338; x_wconf 82' lang='grc'>000110</span> <span class='ocrx_word' id='word_1_421' title='bbox 765 4281 827 4336; x_wconf 86' lang='lat' dir='ltr'><strong>Joh.</strong></span> <span class='ocrx_word' id='word_1_422' title='bbox 845 4299 871 4336; x_wconf 92' lang='lat' dir='ltr'><strong>u.</strong></span> <span class='ocrx_word' id='word_1_423' title='bbox 884 4299 904 4334; x_wconf 98' lang='grc' dir='ltr'><strong>0Ι</strong></span> <span class='ocrx_word' id='word_1_424' title='bbox 917 4299 965 4342; x_wconf 77' lang='grc'><strong>0.,</strong></span> <span class='ocrx_word' id='word_1_425' title='bbox 979 4280 1032 4335; x_wconf 91' lang='lat' dir='ltr'><strong>Die</strong></span> <span class='ocrx_word' id='word_1_426' title='bbox 1043 4280 1225 4350; x_wconf 78' lang='lat' dir='ltr'><strong>Verbindung</strong></span> <span class='ocrx_word' id='word_1_427' title='bbox 1241 4285 1271 4333; x_wconf 84' lang='lat' dir='ltr'><strong>ret</strong></span> <span class='ocrx_word' id='word_1_428' title='bbox 1287 4297 1321 4334; x_wconf 82' lang='lat' dir='ltr'><strong>ne</strong></span> <span class='ocrx_word' id='word_1_429' title='bbox 1338 4279 1424 4335; x_wconf 86' lang='lat' dir='ltr'><strong>findet</strong></span> <span class='ocrx_word' id='word_1_430' title='bbox 1441 4279 1498 4335; x_wconf 91' lang='lat' dir='ltr'><strong>sich</strong></span> 
     </span>
    </p>
   </div>
   <div class='ocr_carea' id='block_1_4' title="bbox 187 4363 1499 4689">
    <p class='ocr_par' dir='ltr' id='par_1_10' title="bbox 187 4363 1499 4689">
     <span class='ocr_line' id='line_1_39' title="bbox 188 4363 1498 4435; baseline 0.002 -21"><span class='ocrx_word' id='word_1_431' title='bbox 188 4363 259 4416; x_wconf 90' lang='lat' dir='ltr'><strong>auch</strong></span> <span class='ocrx_word' id='word_1_432' title='bbox 277 4363 289 4415; x_wconf 91' lang='grc'><strong>1</strong></span> <span class='ocrx_word' id='word_1_433' title='bbox 308 4365 375 4419; x_wconf 86' lang='lat' dir='ltr'><strong>e.13</strong></span> <span class='ocrx_word' id='word_1_434' title='bbox 395 4367 442 4420; x_wconf 84' lang='grc'><strong>»01</strong></span> <span class='ocrx_word' id='word_1_435' title='bbox 458 4382 493 4420; x_wconf 87' lang='grc'><strong>00</strong></span> <span class='ocrx_word' id='word_1_436' title='bbox 511 4365 671 4421; x_wconf 79' lang='lat' dir='ltr'><strong>occideret«.</strong></span> <span class='ocrx_word' id='word_1_437' title='bbox 690 4367 758 4422; x_wconf 91' lang='lat' dir='ltr'><strong>-B</strong></span> <span class='ocrx_word' id='word_1_438' title='bbox 774 4367 779 4435; x_wconf 87' lang='grc' dir='ltr'>Ι</span> <span class='ocrx_word' id='word_1_439' title='bbox 795 4366 834 4421; x_wconf 83' lang='grc'><strong>211</strong></span> <span class='ocrx_word' id='word_1_440' title='bbox 852 4364 919 4420; x_wconf 85' lang='lat' dir='ltr'><strong>God.</strong></span> <span class='ocrx_word' id='word_1_441' title='bbox 935 4382 1035 4421; x_wconf 89' lang='lat' dir='ltr'><strong>seruos.</strong></span> <span class='ocrx_word' id='word_1_442' title='bbox 1065 4363 1152 4420; x_wconf 88' lang='lat' dir='ltr'><strong>Sollte</strong></span> <span class='ocrx_word' id='word_1_443' title='bbox 1169 4363 1227 4420; x_wconf 87' lang='lat' dir='ltr'><strong>dies</strong></span> <span class='ocrx_word' id='word_1_444' title='bbox 1245 4363 1293 4418; x_wconf 84' lang='lat' dir='ltr'><strong>das</strong></span> <span class='ocrx_word' id='word_1_445' title='bbox 1310 4365 1414 4419; x_wconf 84' lang='lat' dir='ltr'><strong>Rechts</strong></span> <span class='ocrx_word' id='word_1_446' title='bbox 1431 4365 1498 4432; x_wconf 88' lang='lat' dir='ltr'><strong>sein,</strong></span> 
     </span>
     <span class='ocr_line' id='line_1_40' title="bbox 188 4448 1498 4520; baseline 0.003 -21"><span class='ocrx_word' id='word_1_447' title='bbox 188 4463 218 4500; x_wconf 87' lang='lat' dir='ltr'><strong>so</strong></span> <span class='ocrx_word' id='word_1_448' title='bbox 236 4451 310 4502; x_wconf 70' lang='lat' dir='ltr'><strong>ware</strong></span> <span class='ocrx_word' id='word_1_449' title='bbox 330 4448 432 4504; x_wconf 86' lang='lat' dir='ltr'><strong>»mittit</strong></span> <span class='ocrx_word' id='word_1_450' title='bbox 450 4467 496 4504; x_wconf 91' lang='grc'><strong>000</strong></span> <span class='ocrx_word' id='word_1_451' title='bbox 515 4449 551 4502; x_wconf 83' lang='lat' dir='ltr'><strong>ad</strong></span> <span class='ocrx_word' id='word_1_452' title='bbox 568 4449 710 4505; x_wconf 87' lang='lat' dir='ltr'><strong>dominum</strong></span> <span class='ocrx_word' id='word_1_453' title='bbox 722 4449 807 4504; x_wconf 81' lang='lat' dir='ltr'><strong>veluti</strong></span> <span class='ocrx_word' id='word_1_454' title='bbox 825 4466 924 4516; x_wconf 89' lang='lat' dir='ltr'><strong>seruos,</strong></span> <span class='ocrx_word' id='word_1_455' title='bbox 943 4450 1054 4507; x_wconf 90' lang='lat' dir='ltr'><strong>domino</strong></span> <span class='ocrx_word' id='word_1_456' title='bbox 1072 4449 1196 4504; x_wconf 82' lang='lat' dir='ltr'><strong>tradens«</strong></span> <span class='ocrx_word' id='word_1_457' title='bbox 1217 4467 1250 4503; x_wconf 83' lang='lat' dir='ltr'><strong>eu</strong></span> <span class='ocrx_word' id='word_1_458' title='bbox 1266 4449 1498 4520; x_wconf 80' lang='lat' dir='ltr'><strong>interpungieren.</strong></span> 
     </span>
     <span class='ocr_line' id='line_1_41' title="bbox 187 4529 1499 4604; baseline 0.003 -20"><span class='ocrx_word' id='word_1_459' title='bbox 187 4529 278 4584; x_wconf 86' lang='lat' dir='ltr'><strong>Allein</strong></span> <span class='ocrx_word' id='word_1_460' title='bbox 296 4530 342 4586; x_wconf 91' lang='lat' dir='ltr'><strong>die</strong></span> <span class='ocrx_word' id='word_1_461' title='bbox 354 4533 551 4604; x_wconf 82' lang='lat' dir='ltr'><strong>Bezeiobnung</strong></span> <span class='ocrx_word' id='word_1_462' title='bbox 569 4533 617 4589; x_wconf 90' lang='lat' dir='ltr'><strong>der</strong></span> <span class='ocrx_word' id='word_1_463' title='bbox 629 4533 743 4589; x_wconf 81' lang='lat' dir='ltr'><strong>Sohttler</strong></span> <span class='ocrx_word' id='word_1_464' title='bbox 761 4533 808 4589; x_wconf 84' lang='lat' dir='ltr'><strong>des</strong></span> <span class='ocrx_word' id='word_1_465' title='bbox 820 4534 961 4590; x_wconf 84' lang='lat' dir='ltr'><strong>lohannes</strong></span> <span class='ocrx_word' id='word_1_466' title='bbox 979 4534 1019 4589; x_wconf 89' lang='lat' dir='ltr'><strong>als</strong></span> <span class='ocrx_word' id='word_1_467' title='bbox 1039 4533 1125 4589; x_wconf 78' lang='lat' dir='ltr'><strong>»serui</strong></span> <span class='ocrx_word' id='word_1_468' title='bbox 1139 4533 1253 4588; x_wconf 77' lang='lat' dir='ltr'><strong>Christi«</strong></span> <span class='ocrx_word' id='word_1_469' title='bbox 1273 4532 1309 4587; x_wconf 90' lang='lat' dir='ltr'><strong>ist</strong></span> <span class='ocrx_word' id='word_1_470' title='bbox 1326 4534 1404 4588; x_wconf 90' lang='lat' dir='ltr'><strong>nicht</strong></span> <span class='ocrx_word' id='word_1_471' title='bbox 1421 4535 1499 4588; x_wconf 85' lang='lat' dir='ltr'><strong>recht</strong></span> 
     </span>
     <span class='ocr_line' id='line_1_42' title="bbox 188 4616 1498 4689; baseline 0.002 -20"><span class='ocrx_word' id='word_1_472' title='bbox 188 4616 337 4682; x_wconf 85' lang='lat' dir='ltr'><strong>motiviert,</strong></span> <span class='ocrx_word' id='word_1_473' title='bbox 354 4635 488 4688; x_wconf 80' lang='lat' dir='ltr'><strong>wogegsn</strong></span> <span class='ocrx_word' id='word_1_474' title='bbox 506 4618 552 4673; x_wconf 90' lang='lat' dir='ltr'><strong>die</strong></span> <span class='ocrx_word' id='word_1_475' title='bbox 572 4618 767 4689; x_wconf 79' lang='lat' dir='ltr'><strong>Beeeiohnung</strong></span> <span class='ocrx_word' id='word_1_476' title='bbox 784 4619 831 4674; x_wconf 89' lang='lat' dir='ltr'><strong>des</strong></span> <span class='ocrx_word' id='word_1_477' title='bbox 849 4619 988 4674; x_wconf 87' lang='lat' dir='ltr'><strong>Johennes</strong></span> <span class='ocrx_word' id='word_1_478' title='bbox 1006 4618 1047 4672; x_wconf 83' lang='grc'><strong>010</strong></span> <span class='ocrx_word' id='word_1_479' title='bbox 1067 4617 1311 4685; x_wconf 68' lang='lat' dir='ltr'><strong>»secuturae«,</strong></span> <span class='ocrx_word' id='word_1_480' title='bbox 1330 4618 1378 4674; x_wconf 91' lang='lat' dir='ltr'><strong>der</strong></span> <span class='ocrx_word' id='word_1_481' title='bbox 1395 4618 1498 4674; x_wconf 88' lang='lat' dir='ltr'><strong>diesem</strong></span> 
     </span>
    </p>
   </div>
   <div class='ocr_carea' id='block_1_5' title="bbox 188 4700 1288 4840">
    <p class='ocr_par' dir='ltr' id='par_1_11' title="bbox 188 4700 1288 4840">
     <span class='ocr_line' id='line_1_43' title="bbox 188 4700 1288 4816; baseline 0.005 -62"><span class='ocrx_word' id='word_1_482' title='bbox 188 4700 291 4755; x_wconf 88' lang='lat' dir='ltr'><strong>seinem</strong></span> <span class='ocrx_word' id='word_1_483' title='bbox 307 4700 397 4756; x_wconf 87' lang='lat' dir='ltr'><strong>Herm</strong></span> <span class='ocrx_word' id='word_1_484' title='bbox 416 4703 464 4756; x_wconf 83' lang='lat' dir='ltr'><strong>das</strong></span> <span class='ocrx_word' id='word_1_485' title='bbox 483 4701 589 4773; x_wconf 79' lang='lat' dir='ltr'><strong>seinige</strong></span> <span class='ocrx_word' id='word_1_486' title='bbox 605 4703 758 4773; x_wconf 79' lang='lat' dir='ltr'><strong>tibsrgiebt,</strong></span> <span class='ocrx_word' id='word_1_487' title='bbox 778 4701 914 4758; x_wconf 89' lang='lat' dir='ltr'><strong>durobaus</strong></span> <span class='ocrx_word' id='word_1_488' title='bbox 932 4703 1048 4774; x_wconf 85' lang='lat' dir='ltr'><strong>paseend</strong></span> <span class='ocrx_word' id='word_1_489' title='bbox 1065 4704 1109 4758; x_wconf 90' lang='grc'>101.</span> <span class='ocrx_word' id='word_1_490' title='bbox 1274 4787 1288 4816; x_wconf 49' lang='grc'>*</span> 
     </span>
     <span class='ocr_line' id='line_1_44' title="bbox 1251 4789 1268 4840; baseline 0 0"><span class='ocrx_word' id='word_1_491' title='bbox 1251 4789 1268 4840; x_wconf 79' lang='grc'>4</span> 
     </span>
    </p>
   </div>
   <div class='ocr_carea' id='block_1_6' title="bbox 0 0 1882 5524">
    <p class='ocr_par' dir='ltr' id='par_1_12' title="bbox 0 0 1882 5524">
     <span class='ocr_line' id='line_1_45' title="bbox 0 0 1882 5524; baseline 0 0"><span class='ocrx_word' id='word_1_492' title='bbox 0 0 1882 5524; x_wconf 95' lang='lat' dir='ltr'><strong> </strong></span> 
     </span>
    </p>
   </div>
  </div>
 </body>
</html>
