3744 5524
261 375 372 448 Gaspori
390 377 415 430 11
434 393 456 430 o.
475 379 516 434 14.
535 380 574 433 15.
865 377 973 450 Diodog.
1532 387 1570 450 87

261 546 382 626 dieunt,
407 545 475 628 ipse
496 567 552 628 per
577 567 611 610 se
633 545 833 629 euangelium
858 547 983 611 scribet.
1027 546 1104 623 Quis
1126 545 1275 630 suscipiet
1296 568 1372 612 uera
1393 569 1460 614 esse
1487 568 1567 631 quoe

261 645 380 729 sperari
393 645 549 726 iubentur,
563 645 623 709 nisi
638 645 804 710 manifeste
819 649 989 731 cognoscet
1002 644 1181 729 pollicentis
1191 648 1430 724 auctoritatem?
1444 646 1567 711 Deinde

261 746 420 828 quomodo
442 743 520 809 dioit
541 742 701 810 Christum
722 745 883 828 scripsisse
905 744 1126 831 euangelium?
1161 743 1236 810 Non
1259 745 1342 810 enim
1360 752 1512 830 tunquam
1531 748 1569 810 de

259 867 292 909 se
314 844 455 908 scribens
476 841 618 927 loquitur
639 843 774 927 scriptor
796 844 962 928 euangelii,
983 846 1039 910 sed
1060 848 1212 928 tauquam
1233 844 1330 910 elium
1354 846 1458 929 etqui
1482 850 1569 910 extra

225 950 294 1008 ose
323 943 366 1007 'sit
396 941 580 1025 praedicens
601 939 769 1008 Christum.
812 943 875 1008 Sed
904 966 962 1008 neo
983 945 1044 1009 hoo
1066 944 1193 1027 quidem
1216 945 1250 1008 in
1272 945 1436 1030 euangelio
1460 966 1568 1009 eorum

260 1043 412 1126 scripturn
431 1042 563 1107 refertur
581 1063 716 1126 usquam
739 1045 825 1126 quod
843 1042 911 1126 ipse
930 1043 1070 1109 soluatur
1089 1043 1232 1107 docuerit
1250 1042 1388 1127 aliquem
1407 1047 1439 1107 et
1458 1041 1571 1107 dixerit

260 1141 334 1225 quia
355 1140 426 1226 Ego
449 1163 519 1204 sum
542 1140 685 1206 Christus
707 1143 891 1227 peregrinus
914 1142 1103 1227 ‹st-ignotus.

343 1359 368 1404 o.
389 1339 465 1409 XV.
508 1344 599 1404 Maro.
621 1344 660 1404 d:
689 1339 732 1404 Et
754 1339 896 1406 Christus
919 1345 951 1406 et
971 1340 1102 1422 Paulus,
1133 1341 1160 1407 si
1182 1347 1287 1408 essent
1309 1365 1327 1405 u
1350 1343 1407 1406 deo
1430 1344 1569 1406 creatore

258 1438 356 1516 missi,
377 1459 538 1522 nunquam
559 1439 670 1522 utique
692 1439 796 1524 legem
818 1444 849 1505 et
869 1441 1039 1525 prophetes
1062 1441 1295 1533 destruxissent

209 1550 242 1604 10
342 1542 397 1602 Ad.
418 1542 457 1603 d:
486 1537 652 1614 Quomodo
678 1537 820 1604 Christus
843 1538 940 1604 soluit
960 1539 1063 1624 legem
1086 1539 1138 1604 uel
1163 1539 1345 1624 spostolus?
1371 1541 1466 1617 diost,
1491 1560 1568 1622 quo·

334 4547 354 4602 d
372 4546 437 4603 Cod
455 4547 603 4603 referimus
621 4563 712 4616 quam.
