3744 5524
262 547 265 556 Δ
373 483 431 548 132
929 477 1120 536 Adamantius.
1250 481 1292 536 De
1308 478 1337 534 Ῑε
1354 479 1412 536 Rue
1429 481 1468 534 111
1485 479 1674 538 ease-8391).

372 639 426 714 διὰ
448 641 490 714 τὸ
513 643 597 714 είναι
618 649 723 733 κακῆς
739 638 862 726 οὐσίας,
885 646 1017 714 δίκαιον
1038 641 1083 733 μὴ
1106 647 1316 732 συγχωρῆσαι
1338 648 1466 732 φυῆναι
1487 645 1587 730 [παρὰ]
1610 642 1675 734 τὴν

373 739 477 832 ἀρχὴν
499 741 564 813 τὸν
585 739 754 828 διάβολον,
776 737 799 832 ἢ
821 749 951 830 φυέντα
972 747 1101 830 κρίνειν
1122 737 1255 825 ἀδίκως.

455 848 558 912 ΜΑΡ.
602 849 761 931 Κρίνεται
783 841 838 914 διὰ
860 840 900 913 τὸ
924 841 1010 912 εἶναι
1032 838 1139 914 αῦτδν
1160 837 1276 913 κακόν.

454 949 575 1012 EYTP.
617 937 715 1015 Ἀλλὰ
739 941 855 1025 ἀδικος
876 937 897 1031 ἦ
918 948 1030 1030 κρίσις.

454 1046 558 1112 ΜΑΡ.
600 1049 696 1127 Ποῦς;

454 1148 575 1211 ΕῩΤΡ.
619 1142 675 1232 Μὴ
703 1140 845 1214 δῦναται
872 1137 913 1212 τὸ
939 1136 1073 1230 ἀγαθὸν
1098 1146 1269 1230 τραπῆναι
1295 1147 1350 1212 καί
1372 1147 1530 1231 γενέσθαι
1552 1137 1673 1226 κακῦν;

455 1247 559 1312 οταν.
604 1234 658 1312 οὔ.

453 1349 575 1413 ΕΥΤΡ.
613 1340 710 1426 Τίνος
733 1341 844 1426 ένεκα,’

453 1447 556 1512 ΜΑΡ.
592 1434 666 1511 Ὅτι
686 1438 845 1530 τοιαύτης
868 1435 982 1522 οῦσίας
1004 1445 1161 1527 πέφυκεν.

319 1553 352 1608 10
453 1548 575 1611 EYYP.
620 1536 705 1612 Οῦδέ
727 1537 769 1611 τὸ
794 1538 902 1612 κακὸν
923 1537 1064 1611 δῦναται
1084 1544 1254 1629 τραπῆναι
1274 1545 1331 1610 καὶ
1354 1541 1510 1629 γενέσθαι
1531 1534 1673 1627 ἀγαθόν.

371 1648 445 1713 τῶν
475 1632 538 1712 οῦν
569 1638 629 1712 δύο
657 1635 783 1710 οῦσιοῦν
810 1634 992 1726 ἀτρέπτων
1020 1633 1148 1724 οῦσῶν,
1180 1634 1304 1720 ἀδίκως
1334 1634 1377 1709 ἀν
1406 1645 1539 1727 κριθείη
1570 1632 1672 1726 ἀτέρα

297 1753 349 1809 839
371 1736 437 1811 δπὸ
460 1745 618 1828 θατέρας,
640 1734 672 1827 ἢ,
694 1745 724 1810 εί
746 1744 882 1821 δικαίως
903 1733 1089 1826 κρίνεταιδ
1110 1733 1271 1828 πονηρός,
1291 1743 1296 1822 1
1315 1741 1454 1820 δικαίως
1474 1734 1673 1826 κριθήσεται

370 1847 426 1910 καὶ
448 1834 468 1909 δ
491 1835 628 1929 ἀγαθός.

453 1943 557 2007 ΜΑΡ.
599 1933 631 2007 ‘0
653 1934 783 2028 ἀγαθὸς
804 1943 918 2024 κρίνει.

319 2053 352 2107 lb
453 2045 574 2108 EYTP.
615 2043 690 2108 Νῦν
721 2043 899 2127 τηλαυγῶς
929 2041 1094 2109 δέδεικται
1125 2029 1181 2108 δτι
1211 2033 1252 2107 τὸ
1281 2042 1343 2124 μὲν
1373 2031 1540 2126 ἀγένητον
1566 2034 1607 2108 τὸ
1636 2042 1672 2108 δὲ

371 2133 525 2228 γενητόν,
547 2142 603 2208 καί
624 2133 666 2207 τὸ
681 2142 743 2226 μέν
758 2134 943 2225 ἄφθαρτον
965 2134 1006 2208 τὸ
1029 2139 1063 2206 δέ
1086 2131 1256 2224 φθαρτόν,
1278 2141 1333 2207 καὶ
1353 2133 1395 2208 τὸ
1416 2141 1478 2224 μέν
1499 2133 1672 2224 ἄτρεπτον

370 2237 412 2309 τὸ
435 2241 470 2310 δέ
492 2232 650 2325 τρεπτδν,
671 2241 727 2307 καὶ
749 2239 888 2318 δικαίως
911 2233 952 2307 τὸ
973 2241 1035 2325 μὲν
1054 2242 1170 2324 κρίνει,
1193 2232 1234 2306 τὸ
1257 2238 1293 2305 δὲ
1313 2240 1473 2324 κρίνεται.

453 2441 519 2505 ΑΔ.
557 2429 681 2526 Ἐφησε
707 2434 788 2518 τοὺς
814 2431 1023 2524 ἀνθρώπους
1044 2437 1182 2518 δικαίως
1203 2440 1378 2522 κρίνεσθαι
1399 2430 1467 2506 ῦιιὸ
1490 2439 1553 2505 τοῦ
1574 2439 1671 2506 θεοῦ·

371 2531 537 2624 φρασάτω
560 2526 631 2620 οῦν,
653 2540 682 2606 εί
702 2532 747 2625 μή
769 2539 852 2606 είσιν
875 2530 1095 2619 αῦτεξοῦσιοι,
1118 2540 1194 2616 πῶς
1216 2538 1353 2616 δικαίως
1374 2537 1561 2620 κρίνονται.

317 2650 351 2707 20
452 2640 555 2706 ΜΑΡ.
599 2641 784 2723 Κρίνονται
809 2638 947 2717 δικαίως
973 2629 1040 2706 ῦιιὸ
1066 2638 1130 2704 τοῦ
1156 2639 1254 2718 θεοῦ,
1281 2628 1369 2705 διότι
1390 2629 1597 2706 ῦπακοῦουσι
1619 2639 1670 2724 τῷ

368 2761 518 2825 ποιησαι

451 2841 573 2906 ΕΥΤΡ.
617 2839 692 2904 Νῦν
719 2839 837 2921 σαφοῦς
863 2828 1083 2922 ἀμοίῦγησας
1109 2825 1163 2904 ὅτι
1184 2827 1405 2920 ζαῦτεξοῦσιος
1430 2825 1449 2902 δ
1473 2829 1671 2921 ἄνθρωπος.

369 2931 410 3004 τὸ
434 2932 496 3022 γὰρ
517 2928 701 3004 ῦπακοῦειν
716 2939 768 3022 τῷ
783 2939 925 3023 πονηρῷ
944 2927 1032 3022 ἢτῷ
1056 2928 1176 3022 ἀγαθῷ
1199 2927 1500 3022 αῦτεξουσιότητός
1524 2935 1593 3004 έστι
1615 2941 1670 3004 καί

368 3027 430 3102 οῦκ
452 3028 605 3122 ἀνάγκης.

316 3145 350 3200 25
451 3135 518 3202 ΑΔ.
564 3137 697 3221 Βραχέα
719 3135 906 3222 ἐρωτηθείς
927 3127 1120 3220 ἀποκρίνου.

452 3235 555 3300 ΜΑΡ.
597 3236 727 3302 Πυθοῦ.

330 3343 349 3398 b
450 3335 517 3401 ΑΔ.
560 3325 831 3420 Παντοκράτορα
853 3329 920 3420 φὴς
941 3327 1005 3402 τὸν
1026 3325 1111 3400 θεὸν
1132 3324 1154 3418 ἢ
1176 3321 1232 3414 οῦ;

451 3434 554 3501 ΜΑΡ.
596 3425 865 3519 Παντοκράτορά
888 3457 981 3520 φημι.

451 3534 518 3600 ΑΔ.
560 3534 710 3618 Περιέχει
731 3528 776 3600 τδι
797 3526 912 3603 πάντα
934 3525 955 3618 ἢ
977 3534 1180 3618 περιέχεται,·

315 3642 350 3699 30
451 3633 554 3698 ΜΑΡ.
599 3633 712 3718 Δῆλον
733 3623 789 3700 ὅτι
810 3634 953 3718 περιέχει
973 3635 1029 3700 καί
1050 3625 1092 3702 οῦ
1112 3635 1307 3720 περιέχεται.

450 3732 517 3799 ΑΔ.
552 3723 606 3799 Ἐκ
627 3736 728 3813 ποίας
750 3725 924 3819 δυνάμεως
945 3735 1131 3818 περιέχεται
1151 3735 1207 3801 καὶ
1228 3747 1462 3819 συγκροτεῖται
1483 3722 1502 3800 δ
1526 3724 1671 3817 οῦρανὸς

368 3821 432 3917 ἢῆ
455 3831 496 3918 γῆ
519 3821 540 3916 ἢ
563 3823 583 3918 ἡ
604 3824 759 3900 θάίασσα
780 3823 807 3918 ἢ
829 3823 848 3900 δ
870 3826 1001 3918 σῦμπας
1026 3826 1166 3919 κόσμος;
1195 3825 1262 3901 ῦπὸ
1291 3836 1386 3912 τίνος
1406 3833 1595 3918 περιέχεται
1615 3835 1670 3901 καί

366 3946 632 4016 περικρατεῑται,·

453 4063 469 4120 1
490 4061 567 4137 παρὰ
586 4063 660 4121 steht
678 4064 708 4120 in
726 4064 800 4121 allen
816 4065 900 4132 HSS.‚
924 4065 1000 4120 kann
1022 4065 1089 4120 abor
1110 4065 1169 4120 hier
1189 4063 1267 4120 nicht
1284 4063 1418 4134 geduldet
1434 4063 1552 4120 werden.
1586 4065 1626 4120 Ist
1643 4082 1671 4120 es

367 4147 509 4204 vielloioht
526 4167 581 4205 von
598 4149 687 4206 εεὶιιετ
699 4149 784 4205 Stella
802 4149 925 4220 gorflokt,
942 4147 1000 4204 und
1017 4148 1123 4204 sohrieb
1141 4148 1190 4206 dor
1202 4148 1275 4204 Verf.
1294 4146 1372 4220 παρὰ
1390 4147 1424 4205 τδ
1443 4145 1548 4220 φνέντα
1565 4149 1671 4220 κρίνειν

367 4229 489 4300 ἀδίκοιςῗ
508 4235 512 4302 Ι
533 4233 552 4289 4
570 4229 651 4305 ἀλλὰ]
674 4227 735 4304 ἅμα
753 4235 780 4290 δ.
798 4233 876 4300 fisa,
897 4235 971 4288 ιειδι
991 4233 1051 4289 Rufi
1067 4235 1072 4304 Ι
1088 4233 1126 4291 12
1144 4234 1311 4308 κριθήσεται
1328 4233 1447 4288 ABCFH
1459 4233 1524 4300 Pio„
1546 4233 1671 4305 κρίνεται

368 4317 394 4375 d.
406 4318 465 4373 δίει.
481 4319 485 4386 Ι
502 4317 590 4384 ῙῦΙῙδ
608 4315 764 4388 ἀγέννητον
776 4335 802 4374 u.
815 4315 951 4390 γεννητὸν
964 4317 1032 4372 ACF
1047 4319 1051 4388 Ι
1067 4316 1183 4375 22—24
1195 4320 1256 4373 Νῦν
1269 4323 1367 4388 σαφῶς
1378 4347 1412 4358 -
1424 4313 1551 4388 ἀνάγκης
1562 4317 1671 4373 werdon

367 4401 412 4457 bei
430 4399 490 4457 Rus.
509 4401 572 4457 dem
589 4401 640 4456 Δδ.
659 4399 798 4474 zugeteilt.
833 4401 888 4458 Der
909 4419 948 4474 gr.
966 4403 997 4458 Τ.
1015 4402 1051 4457 int
1072 4401 1138 4458 aber
1154 4401 1263 4473 riohtig.
1299 4401 1362 4458 wie
1384 4401 1559 4474 gewbhnliuh
1577 4403 1672 4458 maeht

367 4484 443 4542 Eutr.
461 4485 514 4541 δειι
532 4485 642 4541 8οίι1ιιει
661 4487 710 4542 ἀει
727 4487 955 4558 Beweisfflhmng
974 4485 1032 4542 und
1050 4488 1117 4558 geht
1134 4487 1186 4543 Ad.
1204 4505 1238 4542 zu
1259 4485 1348 4542 einom
1367 4503 1457 4542 neuen
1475 4485 1580 4542 Thema
1595 4485 1670 4542 fiber.

368 4571 420 4625 Um
438 4570 482 4626 die
498 4569 598 4626 beiden
610 4571 687 4626 nieht
700 4569 1008 4643 zusammengehorigen
1019 4569 1120 4628 θείοιο
1132 4589 1166 4628 ιιι
1177 4570 1337 4638 minden,
1356 4571 1406 4626 ίιεέ
1418 4569 1479 4626 Rus.
1494 4570 1668 4627 »Praeterea«

367 4653 568 4725 εἰοςεεοίιείίιεί
582 4657 587 4724 Ι
602 4655 641 4712 82
660 4653 821 4729 περιέχεται
838 4653 956 4712 ABCDE
968 4655 1024 4710 Pio.
1043 4655 1156 4722 Humfr„
1174 4653 1298 4728 περιέχει
1315 4655 1341 4711 δ.
1359 4656 1418 4712 flbr.
