3744 5528
342 501 401 564 196
897 489 1087 546 Adamantius.
1229 490 1315 546 Dela
1332 489 1391 544 Rue
1409 489 1447 544 IV
1465 490 1645 547 856f-857o.

341 664 469 728 πίστιν·
499 647 583 744 ὅπερ
609 657 808 742 παρέδωκεν
834 648 853 724 ό
880 649 1076 738 ἀπόστολος
1102 646 1156 725 ότι
1181 654 1269 724 κατὰ
1292 649 1399 740 σάρκα
1421 650 1569 744 Χριστός
1589 659 1646 723 καὶ

342 751 495 827 ἀπέθανε
519 761 575 824 καί
602 750 713 842 ἐτάφη
738 759 794 822 καὶ
821 750 997 844 ἐγήγερται
1021 758 1059 824 ἐκ
1086 760 1218 844 νεκρῶν
1237 759 1294 823 καί
1315 758 1408 824 ἐστιν
1429 747 1563 843 ἀπαρχή
1585 758 1647 842 τῆς

343 861 415 926 τῶν
435 859 687 943 κεκοιμημένων
709 848 934 936 ἀναστάσεως.

425 1060 529 1123 ΜΑΡ.
568 1046 672 1141 Ἔφης
693 1044 749 1124 ότι
770 1049 838 1143 πρὸ
865 1059 929 1125 τσῦ
951 1060 1102 1143 Χριστοῦ
1122 1060 1247 1127 πολλοὶ
1268 1049 1467 1142 ἀνέστησαν·
1489 1058 1564 1136 πῶς
1585 1043 1648 1123 οῦν

307 1164 324 1218 5
343 1149 477 1225 ἐστιν’
456 1149 606 1244 απαρχή,·

426 1256 577 1323 ΑΔ.οί
603 1251 670 1344 πρὸ
700 1257 763 1323 τοῦ
791 1259 941 1342 Χριστοῦ
969 1249 1176 1336 ἀναστάντες
1202 1249 1308 1324 πάλιν
1335 1243 1436 1334 αὖθις
1459 1248 1648 1338 ἀπέθανον,

343 1350 362 1426 ό
390 1359 430 1425 δέ
457 1349 633 1443 Χριστὸς
658 1347 833 1434 ἀναστὰς
859 1348 996 1424 οῦκέτι
1022 1347 1288 1442 ἀποθνήσκει·
1317 1348 1498 1434 θάνατσς
1525 1347 1649 1422 αῦτσῦ

344 1449 482 1525 σῦκέτι
503 1449 685 1542 κυριεῦει.
727 1445 745 1522 ό
768 1451 840 1541 γὰρ
862 1448 1041 1525 ἀπέθανε
1064 1460 1111 1540 τῇ
1133 1447 1306 1544 ἁμαρτίᾳ
1329 1447 1533 1523 ἀπέθανεν
1554 1446 1648 1538 ἐφά·

271 1560 322 1616 857
343 1564 434 1639 παξ,
457 1545 604 1640 όδέζῇ
627 1559 669 1640 ζῇ
693 1557 749 1640 τῷ
771 1559 860 1641 θεῷ
880 1543 1061 1638 Ιτίνσς
1020 1581 1083 1624 ουν
1098 1555 1286 1642 ἐκυρίευσεν
1306 1547 1508 1636 όθάνατσς;
1530 1580 1571 1622 τσ
1586 1579 1649 1640 γαρ

293 1667 327 1722 10
344 1659 463 1724 εἰπεῖν
486 1648 624 1722 οῦκέτι
644 1649 819 1741 κυριεύει
840 1646 1004 1773 ἐδειξεν·“
986 1682 1040 1723 οτι
1061 1651 1233 1743 πρότερον
1255 1655 1449 1740 ἐκυρίευσεν.

428 1758 549 1821 ΕῩΤΡ.
593 1757 705 1841 Δῆλον
727 1744 795 1834 ὅτι,
823 1757 851 1821 εί
871 1751 916 1842 μή
937 1758 998 1841 τής
1024 1749 1149 1841 σαρκός
1171 1745 1211 1840 ής
1233 1746 1434 1836 ἀνέλαβενζ
1416 1780 1435 1822 σ
1458 1747 1594 1838 λόγοςέ
1595 1776 1651 1819 κν·

344 1857 472 1936 ρίευσεν
506 1844 525 1922 ό
560 1848 728 1935 θάνατος,
765 1846 898 1940 ἀνάγκηΙ
930 1857 1039 1940 λέγειν
1073 1857 1137 1923 τοῦ
1172 1849 1277 1940 λόγου
1311 1855 1557 1937 κεκυριευκέναι
1587 1847 1650 1920 τὸν

344 1947 511 2034 θάνατον,
535 1953 563 2021 εί
584 1951 629 2039 μή
646 1947 721 2022 κατ’
746 1947 912 2039 ἀλήθειαν
926 1946 946 2023 ό
962 1949 1063 2040 λόγος
1077 1946 1184 2039 σάρκα
1199 1946 1348 2037 ἀνέλαβε.
1384 1948 1488 2039 λόγου
1509 1955 1545 2020 δὲ
1566 1953 1651 2019 θεοῦ

345 2046 503 2122 θάνατον
524 2055 694 2138 κυριεῦσαι
716 2045 778 2121 σῦκ
800 2042 953 2140 εὔφημον
976 2053 1062 2122 εἶναι
1084 2057 1195 2141 λέγειν
1214 2079 1272 2140 μοι
1294 2058 1392 2123 δοκεῖ.

294 2172 327 2226 15
430 2155 496 2270 Αἰί.
527 2142 700 2221 ’Ἀκσυε
660 2178 723 2220 ουν
741 2154 804 2220 τοῦ
825 2146 1023 2223 ἀποστόλου
1036 2160 1113 2240 περί
1135 2181 1173 2223 τε
1188 2181 1252 2224 του
1236 2145 1457 2271 θανάτσυ”
1438 2177 1492 2221 οτι
1514 2143 1652 2236 ἀληθῶς

346 2255 401 2319 καί
423 2244 465 2319 οῦ
490 2246 625 2337 δοκήσει
651 2243 818 2332 ἀπέθανε,
845 2256 1000 2340 καὶπερὶ
1027 2259 1090 2324 τοῦ
1112 2243 1293 2340 αίματσς“
1275 2280 1329 2322 οτι
1351 2244 1491 2338 ἀληθῶς
1512 2243 1653 2335 ἐξεχύθη

346 2346 387 2420 τὸ
404 2349 484 2470 αίμα
499 2344 605 2420 αῦτου
590 2345 762 2439 ’ῦπὲρ
720 2377 782 2438 της
797 2344 959 2440 ήμετέρας
974 2360 1154 2442 σωτηρίας.
1175 2357 1264 2441 λέγει
1275 2342 1367 2422 δε(7
1326 2372 1431 2421 ουτω·
1446 2356 1652 2437 συνίστησι

308 2451 387 2518 bd&
410 2447 483 2538 τήν
504 2445 705 2520 ίαοτσῦ’Ι
665 2445 825 2537 αγόκην
840 2477 859 2519 ο
849 2443 970 2570 ‘pede
985 2447 1076 2534 είςι
1056 2457 1155 2540 ημᾶς
1171 2444 1236 2522 ότι
1254 2446 1504 2539 ἁμαρτωλῶν
1519 2439 1652 2518 όντων

347 2545 459 2638 ήμῶν
481 2545 698 2638 Χριστὸς“
677 2555 775 2638 υπερ
798 2544 909 2638 ήμῶν
930 2545 1124 2621 ἀπέθανε·
1145 2556 1287 2640 πολλῶ
1304 2555 1471 2639 μᾶλλον,
1494 2552 1654 2617 δικαιω·

295 2653 491 2729 2οθέντες
521 2651 565 2719 ἐν
596 2654 652 2738 τῷ
684 2650 821 2734 αίματι
852 2645 989 2734 αὐτοῦ,
1021 2646 1295 2739 σωθησόμεθα
1323 2646 1399 2721 ἀπὸ
1427 2653 1496 2738 τῆς
1523 2641 1654 2734 ἀργῆς·

346 2755 401 2818 καί
423 2744 540 2818 πάλιν·
570 2745 728 2836 καὶγὰρ
755 2754 789 2818 εί
809 2754 874 2817 καί
900 2749 1139 2840 ἐσταυρώθη
1166 2752 1205 2835 ἐξ
1228 2744 1454 2831 ἀσθενείας,
1486 2742 1589 2817 ἀλλὰ
1611 2751 1654 2834 ζῇ

346 2851 387 2918 ἐκ
416 2842 623 2936 δυνάμεως
650 2851 760 2936 θἐσῦ·
792 2855 848 2918 καί
874 2846 992 2920 πάλιν·
1023 2845 1044 2938 ἢ
1071 2843 1255 2939 ἀγνοεῖτε
1285 2841 1349 2920 ότι
1376 2841 1467 2920 ὅσοι
1494 2850 1654 2932 ἐβαπτί-

347 2957 474 3037 σθητε
501 2953 555 3029 είς
577 2905 758 3036 Χριότὸν
780 2943 930 3038 Ἰησοῦν
958 2954 1012 3030 είς
1038 2947 1111 3020 τὸν
1139 2945 1326 3117 θάνατσῖν
1348 2944 1472 3018 αῦτσῦ
1494 2949 1656 3029 ἐ-βαπτί

347 3057 484 3136 σθητε.
527 3040 565 3130 ός
592 3049 620 3116 εί
644 3045 688 3136 μή
716 3041 881 3132 ἀπέθανε,
914 3057 966 3130 τίς
987 3044 1189 3135 ἀμφιβάλλει
1208 3048 1255 3178 μή
1279 3047 1363 3119 είναι
1384 3044 1569 3170 βάπτισμα;
1598 3050 1655 3166 καῖὶ

296 3143 465 3219 25πάλιν
496 3143 785 3236 ἐχαρίτωσεν
764 3154 864 3236 ημᾶς
886 3152 927 3218 ἐν
949 3155 1005 3240 τῷ
1033 3145 1274 3239 ἠγαπημένῳ
1297 3153 1368 3238 υἱῷ
1394 3143 1530 3232 αῦτοῦ,
1562 3135 1651 3216 ἐν
1625 3175 1654 3235 ῳ

348 3249 489 3335 ἔχομεν
510 3245 586 3336 τήν
607 3240 894 3335 ἀπολύτρωσιν
916 3248 980 3320 διὰ
1006 3255 1081 3320 τσῦ
1104 3252 1272 3338 αίματος
1295 3244 1431 3320 αῦτοῦ·
1461 3253 1517 3317 καί
1538 3242 1655 3317 πάλιν·

348 3341 412 3418 ὅτι
439 3342 569 3417 ταῦτὰ
595 3342 821 3417 ἐπάθετε
800 3346 876 3418 υπὸ
905 3356 987 3419 τῶν
1009 3353 1125 3419 ίδίων
1147 3356 1428 3438 συμφυλετῶν,
1460 3346 1566 3417 καθὰ
1591 3349 1656 3415 καὶ

313 3441 464 3517 σαῦτσί
479 3441 556 3516 ἀπὸ
573 3443 981 3534 τῶν’ίουδαίων,τῶν
995 3456 1061 3518 καί
1077 3447 1304 3536 τὸνκύρισν
1319 3443 1657 3520 ἀποκτεινόντων

347 3542 497 3635 Ἰησσῦν
511 3551 576 3615 καί
592 3545 686 3629 τοῦς
700 3544 924 3637 προφήτας.
954 3544 1029 3634 (οῦκ
1045 3550 1129 3620 εἰπε·
1144 3557 1200 3620 καὶ
1215 3549 1296 3630 τοῦς
1311 3545 1445 3638 δοκήσει
1459 3541 1657 3635 πεφηνότος

294 3658 329 3713 30
349 3641 519 3736 ἀγγέλους,
538 3643 594 3728 οίς
617 3642 817 3734 ῶμσιῶσατε
841 3642 947 3716 αῦτόν
968 3644 1069 3732 ῦμεις,
1097 3645 1196 3720 ἀλλά·
1227 3654 1291 3720 καί
1314 3651 1407 3730 τοῦς
1428 3643 1656 3738 προφήτας,

348 3750 472 3827 οἵτινες
482 3740 651 3836 ἀληθινήν
666 3742 772 3836 σάρκα
787 3753 842 3816 καὶ
854 3743 894 3817 οῦ
908 3754 1101 3834 φαντασίαν
1112 3743 1305 3838 ἀνθρώπου
1320 3749 1455 3836 ἔχοντες
1468 3742 1548 3818 καθ’
1563 3741 1655 3835 ῦμᾶς,

348 3841 368 3917 ό
390 3851 450 3935 μὲν
472 3847 619 3935 ἐπρίσθη
642 3854 739 3936 σαρκὶ
761 3841 780 3917 ὁ
803 3852 838 3918 δὲ
861 3843 1032 3938 ἐλιθάσθη
1053 3855 1110 3919 καὶ
1132 3851 1164 3918 σί
1187 3855 1301 3920 λοιποί
1317 3851 1354 3918 ἐν
1377 3845 1475 3936 φόνῳ
1497 3853 1670 3937 μαχαίραςΙ

349 3939 547 4036 ἀπέθανον.)
591 3948 642 4016 ἐτι
666 3946 733 4037 μήν
760 3955 815 4018 καὶ
844 3943 952 4019 αῦτσῦ
979 3954 1042 4019 τσῦ
1068 3955 1226 4039 σωτῆρος
1246 3954 1434 4037 παρέξομαι
1456 3945 1575 4034 φωνὰς
1597 3942 1658 4026 τὰς

434 4151 491 4222 m]
510 4156 525 4208 1
539 4152 601 4208 Cor.
614 4156 658 4209 15:
672 4155 696 4220 3,
708 4155 733 4220 4,
746 4155 787 4209 20.
810 4183 843 4194 -
870 4153 950 4224 7-9]
968 4155 1047 4211 Rom.
1059 4157 1087 4210 6:
1105 4155 1183 4220 9,10.
1207 4184 1241 4194 -
1264 4153 1389 4224 17-20]
1407 4155 1486 4209 Rom.
1498 4155 1526 4207 5:
1542 4154 1567 4219 8,
1579 4152 1604 4206 9.
1626 4179 1658 4190 -

350 4236 449 4306 21122]
462 4237 604 4294 2cor.13:
617 4241 642 4293 4.
654 4268 688 4277 —
701 4237 828 4308 22-24]
840 4239 918 4294 Rom.
928 4240 956 4294 6:
968 4241 993 4296 3.
1005 4270 1039 4279 -
1053 4239 1152 4308 25120]
1166 4238 1235 4309 Eph.
1247 4243 1275 4294 1:
1288 4241 1312 4306 6,
1322 4243 1346 4295 7.
1359 4269 1392 4279 -
1404 4237 1531 4308 27-29]
1544 4236 1659 4291 ΙΤΙισεε.

348 4323 378 4377 2:
391 4325 432 4389 14,
446 4325 486 4378 15.
503 4353 537 4362 -
556 4324 605 4394 82]
623 4324 705 4380 Hebr.
719 4327 764 4380 11:
778 4323 819 4380 37.

435 4493 482 4560 1s2
495 4493 543 4548 καί
556 4489 650 4562 ἀπέθ]
662 4494 712 4549 καί
723 4503 756 4553 <
769 4493 817 4550 ΒΕ
826 4494 931 4548 Humfr.
947 4495 952 4563 Ι
968 4495 1005 4550 27
1022 4501 1110 4550 ταῦτα
1121 4493 1147 4548 d.
1157 4497 1260 4565 Ausgg.
1276 4495 1281 4564 Ι
1297 4494 1333 4550 28
1345 4491 1436 4562 αὐτοὶ]
1449 4489 1535 4557 αὐτὸς
1545 4490 1571 4545 Η
1583 4489 1638 4543 Ρία
1654 4489 1659 4557 λ

348 4577 385 4633 81
409 4578 551 4647 φαντασία
564 4576 611 4631 FH
626 4579 630 4646 Ι
645 4573 797 4650 ἄνθρωποι
816 4573 896 4644 ὄντες
913 4578 1024 4635 ἁΗθὸ.
1055 4579 1121 4634 Man
1138 4579 1245 4635 kbnnte
1256 4580 1326 4634 auch
1345 4574 1389 4634 ἀλ.
1407 4576 1500 4650 σάρκα
1519 4570 1658 4645 (ἔχοντεςῖι

346 4662 396 4716 καί
414 4658 448 4717 οὐ
466 4665 608 4736 φαντασίᾳ
626 4657 709 4736 ἀνθρ.
729 4658 810 4729 ὄντες
827 4662 911 4719 lesem
941 4664 997 4720 Der
1013 4664 1077 4719 θεία
1099 4661 1151 4720 σῦκ
1169 4657 1231 4722 εἶπε
1243 4694 1277 4706 -
1289 4660 1438 4720 ἀπέθανον
1455 4670 1489 4721 <
1506 4659 1568 4716 Rus.
