3708 5528
182 479 294 552 Carpati
311 482 324 535 I
341 497 363 536 c
380 483 405 538 8
423 485 448 540 9.
783 485 891 556 Dialog.
1373 443 1375 448 Ι
1449 493 1487 554 19

265 655 351 716 ma.
373 656 412 715 d:
443 650 521 716 (lum
547 652 665 719 Paulus
692 653 852 736 apostolus
879 655 985 738 culpat
1012 658 1164 738 quosdam
1191 657 1275 738 quod
1297 678 1335 720 ex
1360 657 1486 721 nomine

183 771 253 830 suc,
282 751 334 814 uel
359 751 489 833 Apollo,
519 753 571 816 uel
601 751 724 837 Gepbae
755 753 964 838 appellentur,
998 755 1174 820 ostenditur
1200 755 1274 838 quia
1302 777 1366 820 non
1394 754 1488 818 liceat

184 849 401 934 episcoporum
435 850 613 916 nominibus
643 853 838 936 compellari;
876 854 1002 938 dignius
1032 875 1167 937 namque
1198 862 1245 918 est
1275 854 1487 920 eminentioris

181 949 319 1016 nominis
340 970 436 1032 quam
456 950 613 1015 inferioris
634 951 844 1035 appellatione
866 953 994 1018 censeri.

149 1247 166 1300 5
266 1269 291 1314 c.
312 1249 380 1315 IX.
413 1254 486 1328 Moy.
508 1254 547 1314 d:
574 1248 608 1314 Si
633 1251 712 1316 mibi
733 1255 921 1317 concedatur
942 1251 1056 1331 dicere,
1084 1251 1233 1315 facillime
1255 1254 1385 1316 ostendo
1413 1251 1488 1336 quia

183 1354 247 1413 tres
261 1353 336 1412 sunt
348 1348 551 1431 principatus,
572 1355 604 1413 et
618 1351 692 1434 quia
710 1351 790 1416 alius
805 1357 853 1416 est
865 1352 945 1435 legis
968 1354 1052 1430 deus,
1074 1351 1155 1416 nlius
1170 1355 1217 1415 est
1238 1350 1348 1418 bonus.
1383 1351 1488 1416 Etiam

184 1451 222 1512 de
244 1447 357 1512 uestris
379 1447 541 1530 scripturis
564 1453 727 1515 ostendere
748 1473 877 1534 possum
897 1451 972 1534 quia
993 1451 1038 1515 ita
1059 1473 1092 1514 se
1113 1450 1215 1514 habet

267 1551 354 1611 dlicta
375 1553 415 1610 d:
442 1546 534 1612 Prius
556 1553 739 1614 ostendatur
766 1551 793 1616 si
814 1555 878 1614 tras
900 1555 974 1616 sunt
994 1550 1201 1633 principatus,
1226 1550 1260 1614 id
1282 1553 1329 1613 est
1350 1553 1413 1614 tres
1434 1572 1488 1613 na-

184 1651 281 1725 turae,
303 1652 334 1711 et
354 1650 430 1710 tunc
452 1649 616 1731 apparebit
636 1649 881 1733 uniuscuiusque
903 1651 1068 1715 diuersitas
1089 1647 1140 1712 vel
1161 1669 1249 1731 opus.

134 1743 167 1796 10
267 1751 322 1810 Ad.
337 1751 375 1810 d:
402 1745 540 1812 Ostende
554 1747 629 1831 quia
642 1752 706 1812 tres
722 1754 796 1813 sunt
808 1749 1009 1832 principatus,
1035 1753 1065 1814 et
1079 1754 1157 1813 tunc
1171 1748 1268 1812 dicito
1291 1750 1377 1832 quod
1392 1747 1489 1814 uoles.

267 1852 341 1925 Mcp.
363 1850 402 1908 d:
424 1844 563 1911 Ostendo
578 1850 664 1929 quod
688 1852 810 1912 creator
830 1847 924 1912 aliam
945 1849 1049 1932 legem
1071 1847 1160 1913 dedit
1178 1853 1210 1911 et
1230 1845 1374 1913 Christus
1395 1846 1489 1910 aliam

184 1945 233 2010 illi
256 1945 452 2010 contrariam.

268 2049 322 2108 Ad.
341 2049 380 2108 d:
402 2041 504 2127 Igitur
522 2066 579 2127 pro
602 2068 638 2110 eo
662 2049 747 2130 quod
769 2047 907 2111 diuersas
928 2046 1015 2131 leges
1031 2069 1098 2112 esse
1119 2047 1299 2130 suspicaris,
1322 2049 1488 2128 propterea

185 2146 277 2226 putas
299 2144 394 2207 etiam
416 2142 512 2208 alium
535 2149 567 2207 et
588 2143 685 2210 alium
707 2148 820 2210 deum?

135 2247 167 2299 15
267 2247 341 2324 Mep.
362 2242 471 2310 d.:·Et
496 2243 601 2308 ualde!
631 2267 724 2309 nemo
747 2245 830 2308 enim
856 2266 995 2328 unquam
1023 2246 1084 2310 sibi
1110 2247 1285 2310 contrarius
1312 2245 1380 2324 fuit,
1408 2245 1490 2309 siout

186 2344 376 2406 contrarium
398 2347 446 2407 est
467 2342 666 2427 euangelium
688 2343 760 2426 legi.

267 2446 322 2506 Ad.
344 2447 385 2506 d:
409 2440 537 2508 Creator
559 2447 648 2522 deus,
670 2465 764 2527 quem
786 2443 893 2510 dixisti
914 2443 1102 2510 Iudaeorum
1123 2466 1202 2522 esse,
1223 2465 1304 2508 unus
1326 2447 1374 2508 est
1395 2441 1489 2522 solus,

187 2563 227 2605 an
248 2547 322 2605 sunt
342 2541 397 2605 elii
413 2540 540 2624 plures?

269 2645 342 2721 Mep.
362 2645 401 2705 d:
428 2639 519 2706 Unus
542 2646 596 2720 est,
618 2642 673 2725 qui
694 2640 798 2726 legem
818 2644 912 2722 dedit,
934 2645 1011 2708 deus
1031 2642 1226 2708 Iudaeorum.

134 2751 169 2805 20
269 2745 324 2804 Ad.
346 2745 384 2804 d:
415 2739 497 2806 Puto
523 2742 693 2806 absurdum
719 2764 782 2807 non
807 2742 909 2806 uideri
934 2743 961 2806 si
985 2747 1110 2806 utamur
1132 2743 1226 2806 etiem
1251 2740 1490 2806 similitudinem

187 2842 353 2924 quandam,
371 2844 407 2903 ut
421 2840 477 2902 fiat
492 2862 600 2904 eorum
615 2863 695 2924 quae
709 2841 841 2906 dicimus
855 2842 1053 2906 manifestior
1064 2841 1251 2906 intellectus.
1276 2840 1399 2918 Mulier,
1418 2861 1490 2904 oum

187 2940 331 3022 genuerit
345 2939 455 3016 filium,
477 2961 581 3004 nonne
592 2941 679 3023 prius
693 2941 775 3006 lacte
790 2963 862 3004 eum
876 2942 932 3005 alit
947 2946 978 3005 et
991 2944 1201 3024 postmodum,
1223 2961 1295 3004 cum
1311 2941 1490 3016 adoleuerit,

186 3038 388 3104 solidioribus
404 3039 502 3104 cibis?
528 3038 571 3103 Et
585 3063 648 3104 non
663 3046 740 3122 puto
755 3041 840 3123 quod
859 3061 896 3104 ex
911 3042 972 3105 hoc
986 3041 1141 3105 iudicetur
1155 3042 1194 3104 ab
1210 3040 1316 3124 aliquo
1335 3039 1491 3104 contraria

187 3138 247 3202 sibi
266 3139 368 3203 facere
386 3137 507 3217 mulier,
529 3161 609 3222 quae
624 3141 712 3223 prius
725 3139 806 3204 lacte
819 3138 953 3223 paruulo
972 3141 1068 3204 ubere
1083 3141 1271 3222 propinauit,
1289 3143 1361 3221 post
1380 3139 1491 3202 exinde

135 3243 168 3298 25
186 3238 250 3302 iam
264 3237 372 3302 adulto
391 3239 583 3304 robustiores
597 3240 741 3322 praebuit
763 3239 858 3305 cibos.
893 3237 994 3303 Nouit
1014 3245 1045 3304 et
1066 3239 1227 3323 apostolus
1242 3239 1359 3304 Paulus
1381 3260 1491 3303 secun-

187 3341 261 3402 dum
276 3337 453 3420 profectum
468 3339 665 3422 singulorum
679 3340 773 3404 etiam
787 3338 874 3423 leges
892 3339 1071 3404 bominibus
1086 3341 1294 3424 promulgare,
1317 3359 1388 3402 cum
1403 3337 1491 3402 dicit:

186 3441 249 3501 Lac
257 3441 342 3501 cobet
350 3447 460 3518 potam
468 3443 541 3517 dodi,
555 3463 617 3502 nora
626 3461 735 3519 escom3
750 3445 888 3504 condam
896 3445 977 3502 caim
986 3445 1137 3520 poteratis,
1146 3444 1196 3504 aad
1208 3461 1260 3503 nec
1268 3443 1364 3504 adhoc
1372 3444 1491 3519 paridam

183 3542 323 3618 potastis:
337 3541 433 3600 adbuc
445 3543 526 3601 caim
540 3544 610 3602 catis
624 3543 764 3603 carnalos
794 3536 895 3602 Simili
911 3557 986 3621 ergo
1000 3541 1095 3603 modo
1111 3539 1205 3602 etiam
1219 3537 1305 3608 Deus
1320 3541 1491 3602 secundum

186 3637 363 3720 profectum
376 3637 530 3701 mentimn
544 3639 630 3702 dedit
638 3637 819 3702 bominibus
833 3636 928 3721 leges.
949 3639 1039 3701 Adae
1054 3637 1181 3721 quidem
1194 3643 1345 3721 tanquam
1360 3638 1491 3720 parurdo

135 3739 169 3794 30
187 3736 280 3800 aliter
303 3737 389 3799 dedit
411 3736 527 3820 legem,
554 3739 645 3802 aliter
666 3761 741 3803 uero
762 3735 861 3816 Noae,
887 3737 978 3800 aliter
998 3738 1152 3815 Abrahae,
1175 3737 1266 3801 aliter
1284 3759 1340 3820 per
1361 3738 1493 3820 Moysen

187 3835 306 3919 populo
332 3834 437 3900 Israel
478 3836 539 3901 Per
565 3837 763 3920 euangelium
791 3858 918 3920 quoque
943 3841 1092 3921 tanquam
1119 3838 1181 3900 iam
1207 3837 1316 3901 mundi
1341 3837 1492 3901 maiorem

274 3986 312 4040 ld
327 3983 392 4039 God.
405 3987 598 4056 euuangelium
613 3987 617 4055 Ι
633 3987 670 4044 20
682 3986 748 4042 God.
762 3985 910 4042 similitude
922 3986 1061 4055 quandam
1076 3986 1081 4053 Ι
1096 3985 1136 4040 24
1149 3987 1226 4054 (lasp.
1240 3985 1389 4040 mulierem.
1403 3985 1470 4038 -B
1487 3985 1491 4053 Ι

188 4070 227 4125 25
244 4068 309 4123 Cod.
321 4069 480 4124 robustioris
495 4075 499 4138 Ι
516 4071 555 4127 26
567 4071 644 4143 Casp.
657 4071 741 4140 conj.:
753 4070 928 4141 promulgari.
948 4069 1076 4140 Unnbtig.
1097 4071 1164 4126 -B
1179 4072 1184 4138 Ι
1199 4070 1237 4126 el
1252 4070 1316 4125 eod.
1329 4069 1492 4141 euangelia!

188 4153 255 4209 (lod.
275 4155 423 4222 »tunquam
440 4153 496 4208 iam
514 4156 609 4210 mundi
626 4157 759 4211 maiorem
775 4155 952 4226 profectum«,
970 4172 1026 4208 was
1044 4155 1143 4210 keinen
1161 4155 1227 4208 Sinn
1245 4155 1328 4224 giebt
1363 4155 1418 4208 Dar
1433 4153 1494 4207 hier

190 4237 365 4308 notwendigs
378 4238 510 4294 Gedanlre
526 4242 583 4294 und
595 4242 644 4295 das
656 4239 866 4312 vorangebenda
884 4239 1048 4294 »secundum
1059 4240 1210 4310 profectum
1222 4238 1369 4293 mentium«
1383 4238 1492 4292 fordern

190 4322 368 4377 »secundum«
399 4325 472 4377 nach
506 4329 668 4394 »tanquam«
701 4326 767 4379 oder
798 4324 1031 4394 mdglicherwaisa
1061 4325 1132 4378 auch
1162 4325 1232 4377 statt
1260 4323 1347 4378 dieses
1374 4323 1491 4386 Wortes,

189 4407 306 4462 welches
318 4425 367 4461 aus
379 4408 442 4462 dem
454 4409 603 4479 folgenden
618 4411 656 4463 »si
669 4413 801 4479 tanquam
815 4408 968 4463 hominem«
984 4408 1070 4463 durch
1079 4409 1218 4463 Versehen
1231 4407 1492 4478 heraufgekommen

189 4491 248 4547 sein
264 4491 321 4545 und
338 4492 392 4547 den
404 4493 512 4548 Ausfall
530 4511 584 4548 von
604 4491 782 4548 »secundum«
802 4494 962 4548 verursacht
977 4493 1068 4546 haben
1079 4493 1155 4546 lrann
1172 4495 1332 4561 (atanquam
1344 4491 1493 4545 secundum

188 4576 244 4631 iam
265 4575 376 4632 mundi«
400 4578 466 4632 oder
490 4577 653 4633 »secundum
676 4579 732 4633 iam
752 4579 848 4632 mundi
868 4580 933 4633 cet«
952 4579 1057 4632 konnte
1075 4576 1137 4631 Rus.
1156 4576 1226 4632 doch
1249 4575 1327 4631 nicht
1343 4576 1492 4630 schreiben.

188 4663 221 4715 ln
240 4662 325 4716 ›iarn‹
344 4663 435 4717 steckt
451 4681 486 4717 m.
504 4661 535 4716 ll.
554 4664 599 4717 ein
616 4663 722 4718 Fehler.
741 4693 772 4702 -
791 4665 831 4732 B).

1246 4747 1283 4801 2*
