3744 5524
933 490 1122 546 Ammm
1227 473 1230 482 '
1355 493 1703 550 mmmmmw

473 1163 574 1226 ΜΕΓ.
617 1151 852 1246 Ἐναργεστέρα
877 1166 935 1246 μοί
961 1163 1052 1228 ἐστιν
1079 1154 1247 1243 ἀπόδειξις
1274 1164 1336 1228 τοῦ
1360 1156 1405 1246 μή
1429 1158 1515 1228 εἶναι
1536 1155 1611 1228 υίὸν
1635 1165 1704 1229 τοῦ

390 1261 520 1326 δικαίου
542 1253 605 1327 τὸν
621 1255 784 1344 Χριστόν·
807 1252 825 1327 6
848 1256 910 1345 γὰρ
931 1264 993 1328 τοῦ
1015 1254 1121 1346 νόμου
1142 1250 1239 1328 ούπω
1255 1254 1408 1346 ἐλήλυθε.
1446 1258 1474 1325 εί
1495 1254 1557 1344 γὰρ
1578 1248 1702 1346 ἢλθεν,

388 1359 583 1443 ἐπληροῦτο
611 1353 653 1426 ἂν
680 1355 723 1426 τὰ
749 1361 796 1439 είς
823 1355 928 1428 αύτόν
956 1353 1023 1428 ύπὸ
1050 1363 1113 1428 τού
1136 1359 1238 1428 Δαυίδ
1256 1359 1490 1444 κηρυχθέντα,
1521 1362 1702 1445 λέγοντος·

389 1457 453 1525 ίνα
469 1460 506 1525 τί
526 1454 729 1543 ἐφρύαξαν
752 1459 850 1546 έθνη
865 1463 928 1527 καί
944 1463 1035 1528 λαοί
1051 1460 1294 1546 ἐμελέτησαν
1308 1452 1419 1538 κενᾶ,·
1440 1463 1702 1544 παρέστησαν

355 1557 435 1675 5οί,
454 1563 631 1674 βασιλεῖς
660 1561 730 1644 τῆς
760 1561 845 1646 γῆς,
881 1563 945 1626 καί
980 1560 1017 1627 οί
1048 1555 1240 1645 ἄρχοντες
1270 1552 1526 1645 συνήχθησαν
1555 1560 1618 1626 ἐπὶ
1651 1554 1701 1627 τὸ

390 1755 550 1840 αἲτησαι
571 1749 659 1842 παρ’
675 1759 850 1840 ἐμούκαί
866 1755 979 1826 δώσω
1002 1779 1064 1825 σοι
1086 1757 1197 1843 ἐθνη,
1220 1753 1296 1843 τῆν
1315 1761 1588 1843 κληρονομίαν
1609 1779 1700 1829 σου.

356 1856 443 1921 σκαί
473 1848 516 1922 τὰ
548 1853 634 1940 ἑξῆς·
665 1873 876 1942 ποιμανεῑς
906 1851 1054 1936 αύτούς
1085 1858 1126 1924 ἐν
1156 1851 1287 1942 ῥάβδῳ
1315 1859 1463 1944 σιδηρᾷ.
1506 1855 1543 1923 ἐκ
1569 1852 1701 1924 τούτου

389 1955 559 2022 δείκνυται
587 1945 641 2021 ὅτι
668 1947 686 2023 ὁ
716 1953 833 2024 ἐλθών
859 1953 1006 2040 Χριστὸς
1032 1953 1136 2036 ἄλλος
1162 1959 1269 2037 ἐστίν,
1300 1958 1337 2024 ἐκ
1359 1959 1422 2024 τοῦ
1447 1949 1532 2040 μήτε
1553 1960 1701 2036 βασιλεῖς

339 2063 371 2116 10
387 2047 473 2138 μήτε
488 2049 655 2138 ἄρχοντας
669 2053 828 2141 γενέσθαι
849 2049 923 2123 κατ’
939 2050 1053 2139 αύτοῦ,
1075 2050 1159 2143 μήτε
1175 2056 1261 2142 έθνη
1276 2055 1545 2141 ποιμανθῆναιέ
1547 2079 1567 2120 ν
1581 2048 1700 2140 ῥάβδῳ

389 2154 512 2240 σιδηρᾷ.

471 2251 614 2318 ΑΔ.οί
635 2249 821 2333 βασιλεύειν
834 2256 1016 2334 δοκοῦντες
1032 2257 1133 2323 ἐν’
1084 2281 1135 2340 τῳ
1150 2247 1277 2340 Ἰσραὴλ
1292 2256 1348 2321 καὶ
1364 2249 1477 2338 ἄρχειν
1491 2253 1577 2322 acal*
1562 2239 1700 2338 εχοντες

388 2350 542 2433 ἐξουσίαν
564 2355 741 2420 θανατοῦν
755 2357 811 2421 καὶ
834 2349 955 2436 σώζειν
968 2349 1096 2432 πάντες
1110 2349 1198 2421 κατὰ
1214 2379 1277 2421 του
1262 2355 1444 2438 Χ”ριστοῦ
1459 2355 1699 2436 παρεγένοντο.

387 2453 443 2516 καὶ
469 2439 524 2518 ὅτι
552 2443 667 2566 ῥάβδῳ
695 2454 812 2541 σιδηρᾶ
838 2447 1094 2539 ἐποιμύνθησαν
1121 2445 1343 2530 ἀποδεικτέον
1369 2447 1456 2518 κατὰ
1478 2447 1543 2538 τήν
1563 2477 1698 2537 προῳη·

339 2557 370 2611 15
390 2552 484 2616 τείαν
506 2553 569 2618 τοῦ
591 2543 728 2636 Δανιήλ,
760 2556 932 2635 λέγοντος·
962 2547 1059 2636 μετὰ
1087 2547 1159 2636 τήν
1178 2555 1327 2638 χρυσῆν
1348 2545 1456 2620 καὶ’
1436 2555 1610 2648 αργυρᾶν
1631 2556 1698 2620 καὶ

389 2651 538 2734 χαλκῆν
559 2644 820 2735 ἐγερθήσεται
838 2654 1020 2730 βασιλεία
1047 2652 1201 2737 σιδηρᾶ,
1233 2676 1309 2736 ητις
1332 2651 1496 2718 δέδεικται
1518 2651 1601 2719 σύσα
1622 2657 1700 2720 τῶν

354 2740 573 2832 ᾱῬοιμαίων,
604 2737 686 2816 δι’
668 2774 707 2834 ης
730 2744 985 2836 ἐποιμάνθησαν
1007 2751 1040 2818 οί
1064 2747 1152 2817 κατὰ
1175 2753 1325 2835 Χριστοῦ
1347 2741 1535 2836 γεγονότες·
1568 2745 1609 2817 τὰ
1631 2773 1697 2834 γαρ

390 2846 474 2932 ἔθνη
497 2848 543 2926 είς
564 2853 794 2932 κληρονομίαν
816 2842 910 2937 αύτῷ
933 2849 976 2935 ῆν
998 2852 1174 2936 δεδομένα,
1201 2854 1277 2934 περὶ
1299 2839 1338 2935 ής
1360 2853 1586 2934 κληρονομίας
1608 2851 1696 2934 λέγει

390 2938 408 3014 6
432 2949 545 3014 Δαυίδ·
571 2943 693 3031 κύριε
720 2942 968 3033 μνήσθητι
948 2953 1059 3034 ημῶν
1081 2951 1122 3017 ἐν
1143 2954 1190 3034 τῆ
1212 2943 1375 3039 εύδοκίᾳ
1396 2951 1469 3019 τού
1490 2951 1589 3016 λαοῦ
1611 2969 1695 3015 σου

338 3055 372 3111 20
389 3039 647 3129 ἐπίσκεψαι(
628 3050 740 3164 ημᾶς
752 3049 794 3115 ἐν
821 3053 868 3133 τῆ
895 3054 1073 3136 σωτηρία
1100 3053 1172 3118 τοῦ
1194 3049 1339 3129 ἔθνους
1361 3069 1445 3130 σου,
1476 3050 1562 3133 (τοῦ
1582 3049 1693 3116 ἐπαι·

389 3152 544 3213 νεῖσθαι
570 3142 667 3231 μετὰ
694 3149 764 3232 τῆς
771 3153 1061 3233 κληρονομίας
1082 3170 1159 3215 σου.
1202 3151 1309 3235 δῆλον
1331 3137 1394 3216 οὖν
1417 3138 1472 3216 ὅτι
1494 3137 1580 3232 αὕτη
1602 3149 1696 3215 ἐστὶν

390 3270 409 3330 η
431 3248 637 3330 κληρονομία
659 3271 734 3314 τῳν
757 3235 923 3314 ἐθνῶν
896 3273 946 3313 ῳν
968 3242 1127 3333 ᾐτήσατο
1129 3250 1158 3333 *)

472 3349 592 3410 ΕΥἸΡ.
636 3347 677 3412 Εἰ
697 3341 742 3432 μή
764 3349 928 3427 βασιλέων
949 3340 1047 3413 καὶ’
1027 3341 1206 3432 αρχόντων
1226 3317 1356 3431 ἐξουσία
1378 3347 1500 3432 παρῆν,
1521 3349 1597 3424 πῶς
1619 3342 1695 3414 οίόν

389 3467 427 3509 τε
449 3431 492 3528 ῆν
512 3444 757 3528 σταυρωθῆναι
779 3438 842 3511 τὸν
864 3439 1032 3530 Χριστόν;

473 4319 1691 4390 ιῳὴυη-ωὴαω-ῳῳωαα-οωα

388 4405 521 4468 mm

471 4556 488 4610 2
508 4555 533 4610 d.
552 4556 622 4610 HSS.
640 4551 777 4625 ἐληλύθει,
802 4555 849 4610 der
866 4555 933 4609 Sinn
950 4555 1054 4609 fordert
1072 4555 1120 4640 δοε
1138 4555 1217 4620 Pers„
1238 4555 1299 4608 Rus.
1321 4557 1426 4609 »uenit«
1445 4559 1448 4624 Ι
1466 4557 1501 4612 14
1519 4553 1691 4612 ἀποδεκτέον

386 4640 518 4695 ΔΒΙΕΕῊ
533 4641 537 4708 Ι
554 4641 591 4696 15
609 4647 660 4696 τοῦ
678 4658 728 4694 vor
747 4641 851 4708 Δανιὴλ
870 4649 902 4698 <
919 4639 966 4693 FH
981 4641 986 4708 1
1002 4640 1039 4694 21
1060 4643 1110 4693 σύν
1128 4649 1161 4698 <
1180 4639 1212 4694 G.
