3744 5524
207 481 318 553 tmperi
335 481 374 536 lV
392 497 415 535 c.
433 483 458 536 5.
802 480 910 552 Dialog.
1110 460 1112 464 .
1452 493 1509 554 147

290 653 378 714 Droe.
400 655 438 715 d:
461 647 639 733 Separatus.

289 755 344 816 Ad.
366 756 405 815 ct:
427 748 469 814 Et
491 748 568 832 quid
589 752 657 812 erat
678 750 763 832 quod
785 754 942 831 separaret
963 749 1046 814 inter
1067 752 1163 814 deum
1185 753 1216 814 et
1236 751 1419 816 materiem?

290 855 379 914 Droe.
401 853 440 914 d:
462 846 561 912 Nibib

289 954 345 1014 Ad.
365 953 404 1013 d:
426 947 512 1033 Ergo
534 947 719 1013 coniunctus
741 952 818 1025 eret,
843 948 870 1013 si
890 949 970 1013 nihil
991 953 1058 1014 erat
1083 951 1169 1032 quod
1190 953 1355 1032 separaret
1391 951 1457 1014 Aut
1478 949 1511 1015 iu

173 1053 295 1132 5parte
318 1048 396 1113 dicis
420 1069 487 1113 esse
509 1049 603 1112 deum
625 1051 656 1112 et
676 1069 741 1112 non
761 1048 888 1131 ubique.

245 1149 248 1156 '
290 1155 376 1212 Eutr.
390 1153 431 1212 d.:
452 1145 528 1212 Non
549 1146 628 1212 mihi
641 1146 766 1212 uidetur
787 1168 854 1212 esse
872 1147 1023 1230 possibile
1045 1150 1182 1231 separari
1201 1148 1334 1214 alterum
1349 1150 1388 1213 ab
1404 1148 1510 1225 altero,

208 1247 235 1314 si
256 1271 320 1315 uon
345 1249 387 1312 sit
413 1246 533 1331 eliquid
554 1246 692 1311 medium
719 1248 805 1330 quod
830 1251 960 1330 separet.
995 1247 1115 1324 Quodsi
1140 1247 1237 1312 fuerit
1261 1247 1400 1313 medium
1427 1252 1512 1333 quod

208 1352 331 1431 separet
351 1349 436 1412 inter
455 1350 549 1410 deum
572 1350 603 1410 εὴ
623 1347 795 1425 materiam,
816 1345 977 1412 inuenitur
998 1349 1074 1413 deus
1096 1346 1129 1410 in
1150 1347 1242 1412 tertia
1264 1349 1415 1430 portione.

291 1452 347 1512 Ad.
368 1452 411 1512 ot:
432 1445 516 1522 Quid
538 1465 612 1529 crgo
635 1445 723 1524 dicis,
744 1445 893 1512 Droseri?
914 1443 952 1511 In
973 1450 1061 1530 perte
1084 1451 1132 1510 est
1152 1449 1229 1512 deus
1250 1452 1305 1512 cut
1324 1449 1462 1531 ubique?

158 1548 192 1603 10
290 1551 378 1611 Dros.
393 1551 433 1610 u:
451 1543 521 1630 bigo
536 1567 601 1610 non
616 1544 685 1609 dico
705 1544 738 1609 in
752 1549 841 1627 purte
861 1567 927 1610 esse
947 1547 1047 1624 deum,
1070 1550 1125 1610 sed
1138 1547 1200 1612 hoc
1214 1547 1285 1612 dico
1302 1549 1386 1630 quod
1405 1551 1513 1612 auctor

208 1667 271 1710 non
295 1648 342 1708 est
363 1633 518 1710 melorum
540 1647 624 1709 deus.
1302 1648 1304 1652 ’

292 1749 347 1811 Ad.
368 1749 408 1810 d:
438 1743 545 1811 Uerbo
578 1745 705 1827 quidem
731 1765 794 1808 non
820 1743 869 1808 uis
900 1766 972 1809 eum
1002 1767 1069 1810 erse
1095 1750 1256 1810 auctorem
1281 1744 1450 1821 malorum,
1479 1767 1512 1810 re

209 1848 314 1908 cutem
337 1865 412 1908 uere
433 1847 464 1909 et
485 1843 679 1911 conditorem
701 1865 773 1908 eum
795 1847 826 1907 et
846 1848 1061 1928 susceptorem
1083 1845 1160 1910 dicis
1181 1843 1344 1922 malorum,
1366 1843 1448 1909 sicut
1461 1844 1514 1908 uel

208 1947 244 2008 tu
265 1945 386 2022 asseris,
408 1942 461 2008 uel
482 1943 672 2008 Ualentinus
694 1941 830 2025 exponit.

158 2049 191 2104 15
291 2047 380 2107 Drce.
401 2048 441 2108 d:
464 2043 651 2120 Quomodo?

291 2148 347 2208 Ad.
361 2147 401 2207 d:
423 2141 459 2207 ln
482 2141 746 2225 consequentibus
768 2143 977 2208 ostendemus.
1012 2141 1132 2208 Uerum
1154 2142 1229 2226 quia
1244 2145 1306 2208 duo
1328 2141 1469 2226 ingenita
1483 2147 1515 2207 et

209 2242 348 2306 increato
369 2241 465 2306 simul
479 2242 648 2306 subsistere
669 2241 864 2324 impossibile
886 2247 941 2316 est,
963 2241 1058 2306 etiem
1078 2245 1110 2308 te
1127 2242 1273 2326 ignorare
1294 2263 1357 2307 non
1372 2242 1514 2308 arbitror.

212 2340 307 2422 Nam,
333 2341 415 2406 siout
434 2340 530 2424 paulo
554 2345 626 2406 ante
648 2341 796 2418 diximus,
822 2340 908 2406 omni
928 2360 1040 2425 genero
1066 2363 1193 2407 neeesse
1215 2346 1263 2406 est
1287 2363 1387 2406 unum
1409 2364 1476 2406 esse
1498 2365 1514 2406 e

211 2443 342 2521 duobus,
372 2445 409 2504 ut
430 2445 485 2506 aut
504 2443 688 2524 separentur
709 2441 748 2504 ab
769 2439 919 2519 inuicem,
949 2445 1004 2504 eut
1028 2440 1200 2524 iungantur
1230 2445 1261 2506 et
1286 2441 1350 2505 sint
1377 2441 1515 2508 indiuisi.

160 2543 194 2600 20
211 2539 254 2604 uu
281 2541 437 2624 siquidem
471 2540 606 2622 separati
636 2544 722 2620 sunt,
761 2544 853 2604 erunt
877 2538 995 2623 singuli
1016 2539 1049 2603 in
1069 2544 1170 2622 parte,
1202 2544 1233 2605 et
1262 2543 1347 2623 quod
1368 2539 1401 2604 in
1427 2546 1515 2624 parte

212 2645 258 2706 est
278 2640 455 2723 ingenitum
470 2638 532 2705 dici
554 2637 606 2704 uel
620 2639 793 2704 increatum
808 2659 869 2704 non
885 2643 997 2722 potest,
1021 2639 1095 2722 quie
1113 2660 1239 2704 necesse
1259 2643 1307 2704 est
1328 2645 1361 2704 et
1378 2639 1516 2706 medium

210 2739 329 2822 aliquid
357 2761 424 2804 esse
446 2739 528 2804 inter
549 2742 731 2822 utrumque,
758 2741 843 2821 quod
864 2741 1033 2821 utrumque
1059 2737 1240 2822 distinguat.
1276 2737 1311 2803 Si
1335 2762 1411 2806 uero
1438 2739 1516 2804 dicis

210 2860 275 2903 non
305 2860 372 2904 esso
399 2838 526 2918 diuisos,
556 2841 612 2902 sed
638 2839 822 2902 coniunctos
849 2840 880 2902 et
909 2837 1119 2912 cohaerentes,
1149 2837 1214 2902 iam
1238 2860 1302 2903 nou
1333 2841 1424 2904 erunt
1453 2841 1515 2905 duo

209 2938 363 3023 ingenite,
386 2940 560 3003 sedunum
582 2938 667 3020 quod
689 2940 812 3002 constet
833 2957 871 3000 ex
892 2938 1014 3002 duobus
1040 2935 1172 3001 diuersis
1194 2936 1318 3020 sibique
1344 2938 1516 3004 contrariis.

160 3046 195 3102 25
212 3036 255 3102 Et
276 3041 434 3121 quomodo
456 3037 632 3120 ingenitum
654 3035 707 3100 uel
732 3035 907 3101 increatum
927 3035 1029 3101 uideri
1054 3035 1171 3119 poterit
1198 3039 1282 3119 quod
1305 3041 1428 3102 constet
1449 3059 1516 3102 esse

213 3136 442 3220 compositum?
478 3136 597 3213 Quodsi
618 3135 793 3219 quisdicat
813 3143 915 3219 neque
937 3140 1116 3219 separatum
1138 3157 1205 3202 esse
1224 3139 1318 3201 deum
1339 3159 1357 3200 c
1378 3138 1516 3214 materie,

212 3257 314 3318 neque
334 3257 459 3301 rursum
474 3236 675 3302 coniunctum
696 3239 727 3299 et
741 3234 966 3314 cohaerentem,
987 3237 1042 3300 scd
1057 3257 1124 3301 esse
1138 3235 1227 3300 uelut
1239 3236 1346 3301 locum
1360 3238 1516 3318 quendum

213 3335 263 3400 dei
283 3335 447 3400 materiem
469 3340 500 3400 et
521 3335 554 3398 in
574 3335 643 3417 ipsa
665 3355 731 3399 esse
753 3336 853 3414 deum,
882 3335 991 3401 audiat
1012 3335 1089 3420 quid
1110 3334 1320 3418 consequitur.
1355 3333 1398 3399 Et
1419 3334 1516 3418 siqui-

212 3436 284 3499 dem
305 3434 409 3499 dicitis
432 3435 506 3518 quie
527 3435 560 3498 in
580 3438 669 3517 perte
691 3439 758 3498 eret
779 3435 935 3511 materiae,
965 3435 1037 3520 quis
1059 3433 1153 3518 <non>
1175 3433 1263 3498 uidet
1292 3434 1355 3499 dici
1380 3457 1400 3498 e
1424 3435 1515 3500 uobis

161 3541 196 3597 30
212 3535 305 3599 deum
332 3533 485 3599 minorem
513 3555 580 3599 esse
611 3555 705 3618 quam
731 3535 906 3615 materiem,
936 3534 1092 3617 siquidem
1117 3555 1190 3616 pers
1219 3533 1286 3598 cius
1311 3536 1414 3598 totum
1445 3555 1516 3598 eum

211 3633 382 3716 receperit?
424 3633 458 3699 Si
484 3656 560 3699 uero
588 3634 698 3699 dicatis
729 3634 804 3719 quie
828 3635 862 3699 in
888 3633 975 3700 omni
1004 3631 1136 3698 materie
1161 3636 1228 3696 erat
1254 3637 1285 3697 et
1308 3655 1364 3716 per
1390 3654 1515 3698 omnem

212 3731 452 3813 diffundebatur,
484 3736 642 3816 quomodo
671 3756 740 3798 eam
765 3734 918 3798 fabricare
944 3731 1048 3816 potuit
1068 3731 1120 3796 uel
1141 3731 1296 3796 formare?
1329 3729 1515 3796 Necessario

297 4385 315 4440 9
335 4385 375 4437 Im
397 4402 438 4454 gr.
457 4384 485 4438 Τ.
505 4385 605 4454 gehdrt
628 4382 672 4436 die
689 4384 777 4454 Frage
796 4383 881 4449 »Quid
904 4400 968 4453 ergo
991 4385 1056 4438 cet«
1081 4381 1143 4436 dem
1161 4379 1239 4438 Eutr.
1257 4397 1292 4435 an
1315 4382 1319 4449 t
1345 4381 1382 4438 18
1400 4380 1516 4438 sicut—

212 4467 339 4537 diximus]
358 4467 410 4524 Die
428 4456 523 4524 Ubere.
537 4468 621 4524 Rui's
638 4467 675 4520 ist
691 4467 751 4522 hier
768 4468 825 4522 und
843 4467 872 4521 in
890 4467 938 4522 der
956 4483 1062 4537 genuen
1079 4466 1154 4520 Rede
1171 4466 1218 4520 des
1230 4465 1281 4522 Ad.
1300 4465 1362 4521 sehr
1379 4485 1514 4538 ungenau.

213 4554 280 4608 -B
300 4554 304 4621 t
324 4551 408 4623 omni]
433 4552 498 4608 Cod.
517 4551 582 4621 quie.
604 4551 679 4605 omui
698 4553 702 4620 t
723 4551 762 4606 29
781 4551 846 4606 cod.
870 4553 929 4605 eret
950 4551 1065 4606 muteris
1083 4553 1087 4619 i
1108 4550 1168 4619 quis
1190 4567 1246 4604 non
1269 4549 1353 4621 uidet]
1372 4553 1436 4608 cod.
1455 4553 1515 4622 quis

213 4636 304 4692 audet.
333 4635 459 4707 Casperi:
478 4637 538 4706 quis
558 4635 661 4691 audiat.
680 4637 747 4690 -B
763 4637 767 4704 Ι
783 4637 821 4691 el
842 4635 907 4690 eod.
926 4653 1013 4690 omne.

1252 4720 1304 4776 10*
