3744 5524
218 509 329 580 Caspari
347 510 374 563 11
391 525 414 562 e.
432 510 473 563 21.
819 511 928 583 Dialog.
1463 517 1522 580 113

300 683 354 743 Ad.
377 682 417 743 d:
448 677 535 756 Quae
556 681 636 744 bene
663 679 748 745 dieta
769 686 844 745 sunt
865 683 904 746 ab
926 679 1070 764 apostolo
1099 679 1177 743 haee
1199 679 1240 741 ad
1263 679 1380 743 melam
1401 677 1523 743 intelle-

218 777 357 863 gentiam
378 781 556 861 peruertere
578 783 740 846 conentur.
781 778 858 847 Non
879 781 963 846 enim
984 781 1094 847 uolens
1116 776 1278 862 apostolus
1300 777 1396 842 alium
1419 781 1523 843 osten-

218 881 291 943 dere
314 881 407 943 deum
427 879 538 943 mundi
552 879 614 944 hoe
626 879 768 962 protulit,
790 883 846 945 sed
864 883 903 946 de
922 879 1104 945 infidelibus
1119 879 1226 942 dieens
1248 875 1323 960 quia
1340 898 1412 942 eum
1434 898 1523 960 proe-

217 981 314 1042 uenta
335 978 432 1042 fuerit
453 980 557 1042 anima
578 978 612 1043 in
632 978 733 1057 malis,
756 978 886 1046 difficile
908 981 971 1045 iam
985 980 1140 1062 respicere
1154 976 1272 1060 poterit
1293 979 1347 1041 eut
1361 975 1523 1060 respirare.

185 1076 280 1142 osed
311 1076 385 1160 quia
415 1099 517 1144 sermo
548 1078 683 1162 apostoli
709 1100 781 1144 eum
806 1081 1004 1163 hyperbaton
1024 1078 1146 1162 positus
1174 1080 1235 1156 est,
1266 1097 1324 1140 uos
1351 1078 1523 1141 seeundum

218 1180 357 1240 uestram
380 1176 477 1240 animi
497 1177 786 1261 praesumptionem
806 1179 841 1242 in
866 1179 960 1245 oliam
987 1175 1237 1261 intellegentiam
1263 1177 1350 1260 quod
1370 1177 1524 1259 seriptum

219 1280 267 1340 est
286 1276 487 1360 detorquetis.
522 1275 610 1342 Dieit
624 1277 707 1342 enim
726 1279 801 1361 quia
820 1282 905 1343 Deus
923 1291 1035 1344 eunte
1055 1279 1408 1358 medietatatem
1428 1280 1525 1340 buius

218 1379 334 1440 mmada'.
377 1373 453 1439 Non
483 1395 557 1459 ergo
589 1377 666 1442 deus
695 1377 789 1441 huius
819 1379 941 1456 mundi,
974 1381 1029 1442 sed
1054 1376 1198 1443 infideles
1228 1374 1322 1439 huius
1348 1374 1458 1440 mundi
1485 1374 1523 1437 ab

219 1472 364 1557 apostolo
387 1474 614 1542 discernuntur.
655 1476 736 1554 Quia
756 1499 821 1542 non
843 1477 1044 1542 erediderunt
1064 1480 1124 1543 deo
1145 1475 1302 1554 homines,
1326 1474 1389 1557 ipsi
1416 1495 1524 1539 exeae-

170 1579 203 1634 10
221 1578 339 1639 eantur.

303 1678 392 1737 Maro.
414 1678 453 1738 d:
474 1672 519 1739 Et
539 1675 600 1741 hoo
620 1677 697 1740 boni
718 1676 769 1741 dei
792 1679 846 1755 est,
867 1676 1011 1741 homines
1033 1679 1220 1742 excaecare?

303 1777 357 1837 Ad.
373 1777 412 1837 d:
435 1772 565 1839 Creator
579 1774 707 1858 quidem
722 1777 798 1840 deus
812 1775 956 1842 infideles
971 1775 1114 1842 homines
1136 1776 1222 1840 etad
1244 1795 1277 1838 se
1293 1769 1524 1836 dissimulantes

220 1870 327 1936 uenire
349 1872 464 1936 dieitur
482 1894 655 1954 excaecare,
677 1873 737 1940 iste
758 1896 834 1939 uero
857 1897 952 1958 quem
972 1881 1008 1941 tu
1029 1875 1192 1942 meliorem
1211 1877 1350 1940 ereatore
1372 1873 1431 1936 deo
1446 1870 1524 1936 dieis

222 1991 296 2050 esse,
319 1969 487 2052 Christum,
509 1972 584 2036 audi
606 1976 763 2056 quomodo
782 1974 890 2040 iubeat
910 1998 972 2040 non
994 1978 1154 2041 eredentes
1176 1973 1259 2040 mitti
1278 1973 1363 2037 foras
1384 1970 1419 2034 in
1440 1975 1526 2036 tene·

171 2077 204 2132 15
220 2071 293 2134 bras
315 2072 497 2151 exteriores,
523 2071 579 2136 ubi
601 2077 649 2138 est
669 2072 761 2139 fletus
783 2079 815 2139 et
836 2073 952 2140 stridor
973 2075 1123 2141 dentium.
1165 2072 1287 2138 Deinde
1309 2075 1341 2135 et
1363 2067 1526 2154 apostolus

220 2167 296 2234 boni
323 2169 373 2234 dei
400 2173 558 2252 quomodo
584 2173 682 2237 tradit
707 2177 834 2238 satanae
860 2174 1022 2240 homines?
1058 2174 1146 2240 Dicit
1172 2171 1269 2238 enim:
1303 2174 1423 2234 tradar·
1448 2173 1527 2234 aine

221 2274 303 2334 modi
323 2274 474 2334 imminere
495 2281 618 2336 somnae
635 2277 671 2336 a'n
684 2276 847 2338 iamlam.
883 2272 968 2350 Quid
981 2272 1177 2339 tolerabilius
1191 2270 1251 2336 tibi
1264 2268 1398 2348 uidetur,
1420 2289 1528 2334 exeae-

223 2368 287 2432 eeri
308 2368 485 2434 incredulos
508 2373 563 2434 eut
583 2369 617 2434 in
638 2371 782 2435 tenebras
804 2373 973 2437 exteriores
994 2372 1079 2437 mitti
1101 2377 1132 2437 et
1152 2370 1235 2436 tradi
1257 2371 1403 2434 satanae?

306 2473 391 2535 Buta
412 2474 452 2536 ct:
482 2468 545 2546 Qui
566 2474 750 2536 exeaeoatus
772 2474 820 2534 est
843 2471 938 2536 unius
959 2472 1092 2537 membri
1114 2469 1225 2536 suffert
1246 2467 1399 2548 dolorem,
1426 2471 1528 2532 oetera

171 2573 206 2630 20
222 2568 363 2632 membra
384 2568 507 2653 integra
528 2569 631 2634 habet.
666 2568 727 2645 Qui
748 2592 824 2636 uero
839 2569 873 2633 in
887 2569 1031 2635 tenebras
1055 2572 1224 2636 exteriores
1238 2567 1381 2644 mittitur,
1404 2566 1460 2631 ubi
1481 2571 1529 2631 est

223 2666 315 2732 fletus
337 2672 368 2732 et
389 2666 505 2733 stridor
526 2668 675 2747 dentium,
702 2674 733 2733 et
755 2670 810 2752 qui
831 2673 958 2734 satanae
979 2671 1115 2735 traditur
1135 2673 1203 2734 toto
1227 2687 1357 2749 eorpore
1379 2669 1474 2748 atque
1495 2665 1529 2730 in

224 2765 369 2831 omnibus
395 2769 543 2832 membris
570 2767 647 2832 mihi
672 2768 798 2834 uidetur
821 2769 902 2834 ferre
923 2769 1087 2853 supplicia.
1128 2768 1211 2834 Puto
1233 2785 1309 2851 ergo
1330 2762 1527 2829 tolerabilius

224 2887 291 2931 esse
312 2866 406 2930 unius
427 2866 560 2931 membri
581 2869 735 2932 iaeturam
756 2867 830 2951 pati,
853 2890 948 2952 quem
967 2873 1035 2934 toto
1058 2890 1187 2951 eorpore
1209 2863 1351 2932 eruciari.

310 4348 448 4420 8dioene]
468 4349 533 4406 Cod.
546 4349 649 4407 dioens.
679 4348 771 4421 crepa
792 4349 899 4404 »dicit«.
928 4351 1000 4415 „Der
1011 4350 1154 4408 Sohreiber
1165 4353 1244 4407 hatte
1255 4353 1330 4408 wohl
1344 4354 1467 4409 »dicens«
1488 4371 1532 4425 ge·

225 4431 368 4488 sehrieben
386 4434 442 4487 und
461 4433 518 4488 dies
536 4435 611 4488 dann
634 4434 754 4489 durch·
771 4434 840 4489 iiber
862 4450 907 4487 ›e‹
932 4433 962 4488 in
981 4436 1078 4491 ›dicit‹
1103 4436 1261 4502 verendart,
1288 4436 1370 4492 dabei
1392 4437 1458 4492 aber
1475 4455 1534 4493 ver·

226 4533 330 4587 gessen,
345 4535 422 4572 »ens«
437 4517 522 4572 duroh
534 4519 593 4573 eine
606 4517 694 4573 seiner
705 4517 856 4573 kritisehen
868 4519 983 4576 Zeiohen
995 4521 1036 4574 ale
1047 4521 1146 4576 Fehler
1158 4539 1191 4576 au
1202 4520 1379 4577 bezeichnen.
1405 4521 1533 4578 »Dicens«

225 4604 302 4672 passt
322 4601 451 4672 hbrigena
473 4601 635 4658 ebenfalle.“
669 4603 717 4657 leh
738 4602 811 4658 habe
835 4603 959 4661 »diceus«
983 4605 1252 4677 wiederhergestellt
1276 4636 1309 4648 -
1327 4607 1350 4660 B
1374 4607 1378 4675 t
1404 4605 1442 4663 19
1469 4605 1535 4664 God.

225 4686 363 4741 membris.

279 4770 445 4816 Adamantius.
1291 4774 1309 4830 8
