3708 5528
199 496 311 567 caspar-i
328 497 341 550 l
358 513 380 551 u
399 497 423 552 9.
442 498 482 553 10.
791 493 899 562 Dialog.
1462 503 1501 564 21

197 667 373 749 profectum
394 666 456 730 alia
476 671 523 732 est
543 667 711 750 legislatio.
753 664 836 742 Quid
862 684 936 749 ergo
963 661 1192 744 inconsequens
1213 664 1350 743 uidetur,
1381 664 1409 728 si
1434 669 1502 729 tan·

198 788 293 849 quam
308 765 467 830 hominem
489 767 622 849 aprima
636 765 801 831 natiuitate
816 786 916 848 usque
938 766 978 826 ad
992 766 1191 841 senectutem,
1213 762 1259 825 ita
1273 761 1358 827 Deus
1377 785 1502 828 omnem

196 868 349 930 mundum
370 866 572 948 incipientem
594 890 613 930 a
633 861 735 949 piima
755 863 898 949 pueritia,
918 868 994 928 tunc
1016 861 1134 934 deinde,
1157 867 1348 926 crescentem
1369 865 1409 927 ad
1430 885 1502 946 pro-

197 966 321 1046 fectum,
343 968 521 1030 uenientem
543 969 583 1029 ad
603 965 739 1030 mediam
758 963 925 1047 (aetatem)
948 967 979 1026 et
993 962 1065 1026 inde
1080 961 1145 1026 iam
1163 965 1203 1026 ad
1217 963 1386 1026 senectutis
1400 967 1502 1027 matu·

162 1075 177 1126 5
196 1065 319 1129 ritatem
340 1064 627 1149 perfectionemque
648 1068 874 1148 properantem,
901 1082 1154 1144 unamquamque
1177 1060 1243 1126 eius
1265 1065 1399 1126 aetatem
1420 1062 1502 1143 aptis

197 1169 228 1230 et
254 1163 503 1247 competentibus
529 1165 652 1248 legibus
679 1163 891 1247 dispensauit?
930 1161 1050 1228 Uerum
1080 1158 1128 1225 ne'
1148 1183 1199 1224 me
1225 1160 1395 1226 aestimetis
1425 1163 1503 1226 haec

196 1264 314 1347 absque
335 1263 523 1328 testimoniis
545 1264 738 1343 confirmare,
762 1266 893 1328 ostendo
914 1263 992 1326 haec
1013 1261 1129 1342 scripta
1151 1282 1218 1325 esse
1241 1264 1399 1344 quomodo
1421 1283 1502 1325 unus

197 1367 273 1429 deus
292 1368 386 1447 atque
400 1364 483 1428 idem
505 1364 629 1429 diuersa
642 1362 822 1447 praecipiat.
857 1360 949 1426 Iubet
963 1360 1049 1424 Deus
1064 1360 1208 1425 Abrahae
1224 1359 1386 1426 immolare
1400 1360 1502 1425 filium

196 1486 300 1541 suum;
330 1467 439 1547 postea
465 1486 521 1547 per
542 1465 677 1546 Moysen
701 1463 849 1546 prohibet
874 1459 1002 1526 omnino
1029 1461 1188 1525 hominem
1213 1460 1364 1544 iugulari,
1391 1462 1445 1524 sed
1472 1463 1503 1523 et

146 1575 178 1629 10
197 1563 455 1646 comprehensum
477 1564 510 1627 in
531 1564 591 1628 hoc
612 1585 705 1646 opere
719 1561 827 1646 puniri
847 1561 942 1624 iubet.
978 1560 1059 1635 Quia
1077 1580 1151 1644 ergo
1173 1581 1257 1624 nunc
1279 1559 1380 1625 occidi
1401 1559 1502 1624 filium

194 1663 295 1742 iubet,
325 1684 409 1727 nunc
429 1685 504 1728 uero
527 1663 720 1728 occidentem
746 1661 864 1745 puniri,
894 1657 978 1724 duos'
999 1659 1132 1724 dicimus
1159 1681 1226 1725 esse
1250 1662 1324 1725 deos
1346 1659 1407 1723 sibi
1429 1681 1501 1724 oon·

196 1762 329 1826 trarios?

278 1867 366 1924 Itur.
388 1866 427 1924 a:
457 1859 528 1944 Ipse
547 1862 636 1926 iubet
658 1861 767 1938 occidi,
792 1861 910 1944 etipse
933 1860 1022 1924 dicit:
1048 1857 1123 1924 Non
1144 1859 1287 1924 occides?

278 1966 331 2024 Ad.
354 1965 394 2024 rt:
425 1959 513 2026 Idem
534 1961 609 2044 ipse.
650 1959 693 2024 Et
718 1983 782 2025 non
808 1960 911 2026 solum
937 1960 971 2024 in
997 1961 1057 2024 hoc
1077 1959 1123 2023 ita
1143 1959 1315 2035 inuenitur,
1341 1961 1396 2022 sed
1418 1962 1449 2022 et
1468 1958 1503 2022 in

145 2073 177 2125 15
195 2060 304 2124 multis
326 2059 404 2125 aliis.
439 2060 600 2125 interdum
617 2061 700 2125 enim
721 2059 827 2125 offerri
849 2060 909 2125 sibi
931 2059 1084 2124 sacrificia
1105 2059 1201 2137 iubet,
1223 2059 1389 2122 etiterum
1407 2062 1501 2122 uetat.

196 2161 262 2224 Aut
283 2160 368 2224 dieat
388 2160 415 2224 si
436 2183 501 2226 non
521 2160 605 2224 idem
625 2161 692 2244 ipse
714 2163 762 2224 est
783 2160 837 2243 qui
858 2164 1026 2242 utrumque
1048 2157 1214 2240 praecepit.

279 2265 416 2325 Haradu
438 2258 520 2342 (Si*)
542 2259 722 2324 hebeturin
740 2259 901 2342 seripturis
917 2258 1134 2342 utaliquando
1153 2258 1261 2321 iubeat
1281 2256 1386 2322 offerri
1407 2256 1501 2322 sacri·

196 2361 277 2440 ficia,
298 2360 468 2444 aliquando
489 2359 663 2442 prohibeat,
685 2359 762 2442 quid
784 2361 875 2436 dices,
894 2359 1048 2441 Megethi:
1070 2356 1158 2422 idem
1180 2357 1247 2439 ipse
1270 2361 1318 2422 est
1338 2360 1423 2437 deus,
1445 2355 1501 2440 qui

197 2459 377 2524 immutauit
398 2481 479 2542 quae
500 2457 587 2541 prius
609 2462 762 2536 sanxerat,
784 2479 824 2521 an
847 2460 908 2521 duo
931 2461 1022 2521 sunt?

144 2922 179 2976 20
281 2920 305 2963 c.
319 2900 367 2967 X·
402 2909 474 2984 Moy.
497 2909 536 2969 d.:
562 2902 748 2967 Iudaeorum
771 2904 846 2966 deus
868 2924 949 2966 unus
971 2907 1066 2984 etque
1087 2901 1167 2965 idem
1193 2905 1247 2980 est,
1269 2905 1376 2966 noster
1397 2907 1501 2965 autem

141 2997 142 3004 '
197 3022 259 3063 non
282 3005 329 3065 est
350 3002 437 3069 illius
458 3003 551 3068 filius.
1163 3089 1165 3096 Ι

279 3107 333 3165 Ad.
355 3107 393 3168 d:
415 3102 580 3179 Quomodo
602 3103 753 3185 probatur
775 3100 933 3166 Christum
954 3123 1018 3165 non
1040 3123 1107 3166 esse
1128 3100 1230 3166 filium
1252 3100 1419 3164 creatoris?

278 3205 352 3281 Mep.
373 3207 414 3266 ct:
448 3201 529 3279 Quia
555 3200 697 3266 Christus
723 3200 827 3284 legem
855 3203 1008 3265 destruxit
1035 3201 1196 3284 creatoris,
1228 3205 1259 3264 et
1285 3202 1415 3264 ostendo
1442 3200 1502 3264 hoc

195 3322 266 3364 rsu
301 3351 308 3366 .
968 3353 970 3356 .

143 3418 176 3472 25
207 3322 226 3382 p
269 3323 332 3464 1itai.
355 3406 394 3465 d:
422 3399 559 3465 Ostende
582 3400 656 3484 quia
677 3399 780 3485 legem
804 3402 966 3466 destruxit.

281 3567 298 3621 d
322 3565 644 3634 crescente-mediam]
668 3565 702 3620 So
726 3565 774 3618 der
792 3564 856 3620 Cod.
891 3565 1057 3620 Schwerlieh
1079 3583 1149 3635 ganz
1173 3563 1281 3634 riohtig.
1315 3565 1402 3620 Sollte
1422 3567 1503 3619 »tunc

194 3649 293 3704 deinde
312 3650 457 3704 crescendo
471 3649 506 3704 ad
518 3651 684 3720 profectum«
699 3679 730 3687 -
744 3649 809 3704 oder
822 3651 891 3704 auch
906 3653 1087 3704 »crescentem
1100 3650 1135 3703 ad
1147 3649 1299 3720 profectum
1311 3652 1353 3704 et«
1367 3681 1399 3688 -
1414 3649 1502 3704 »veni-

194 3737 286 3790 entem
300 3735 335 3788 ad
348 3735 467 3789 mediam
480 3737 615 3788 estatem«
630 3752 663 3788 zu
680 3734 755 3788 lesen
769 3733 849 3788 sein‘?
877 3736 955 3790 Doch
966 3735 1034 3788 ltsst
1048 3735 1106 3789 sich
1120 3737 1272 3789 »crescente
1285 3734 1320 3789 ad
1333 3735 1499 3804 profectum«

194 3837 242 3872 zur
263 3819 319 3874 Not
344 3819 447 3873 hatten.
488 3819 523 3872 Es
549 3819 625 3872 kann
654 3818 776 3873 nttmlich
805 3818 912 3874 »indem
939 3820 983 3874 die
1003 3819 1081 3874 Welt
1108 3837 1167 3872 zum
1193 3819 1355 3874 Fortrchritt
1380 3819 1499 3872 wttohst«

195 3903 261 3958 sein.
291 3903 394 3958 Nnrzu
409 3903 558 3957 »mediam«
573 3922 646 3958 muss
662 3904 823 3974 notwendig
837 3906 986 3958 »aetatem«
1006 3903 1187 3974 hinangefdgt
1200 3904 1314 3958 werden.
1345 3903 1501 3971 (Manlessz

195 3989 362 4042 crescentem
380 3987 451 4042 ohne
469 3987 612 4057 folgendes
632 3991 699 4042 »et«.
720 4019 752 4026 -
771 3988 803 4054 B)
824 3993 827 4054 Ι
848 3989 940 4043 9-11
961 3988 996 4042 Its
1014 3989 1128 4055 scheint
1148 3989 1188 4042 ale
1206 3989 1280 4042 seien
1298 3987 1436 4041 entweder
1453 4006 1502 4043 vor

197 4071 353 4142 »prohibet«
374 4071 417 4125 die
430 4071 526 4125 Worte
546 4091 616 4127 v>non
629 4073 732 4126 solum«
753 4073 818 4128 oder
835 4091 884 4128 vor
904 4074 966 4128 »sed
978 4076 1019 4127 et«
1034 4073 1131 4128 Worte
1148 4074 1200 4127 wie
1214 4090 1323 4128 »verum
1340 4090 1394 4128 non
1413 4072 1502 4126 solum

195 4157 247 4210 hoo
265 4155 418 4226 prohibet«,
437 4156 503 4211 oder
523 4157 590 4210 »hoe
607 4157 689 4212 facit«
710 4157 890 4226 ausgefallen.
920 4157 998 4213 Dooh
1015 4158 1083 4212 ltsst
1101 4157 1167 4220 sich,
1186 4175 1243 4210 was
1260 4157 1309 4211 der
1320 4157 1390 4210 Text
1406 4156 1500 4219 bietet,

194 4239 236 4294 als
254 4241 455 4308 Breviloquenz
473 4240 618 4294 auffassen.
649 4241 714 4310 (Das
731 4240 844 4295 letztere
862 4242 899 4295 ist
912 4242 1013 4312 gewiss,
1028 4243 1076 4297 das
1094 4242 1218 4310 richtige
1237 4241 1292 4311 vgl.
1305 4242 1358 4294 den
1370 4258 1409 4310 gr.
1422 4239 1500 4294 Text

194 4355 228 4364 -
240 4325 273 4392 B)
289 4327 293 4392 Ι
311 4325 346 4379 11
366 4324 514 4378 Dicemus?
531 4325 586 4378 Der
604 4326 705 4394 grieoh.
724 4326 794 4380 Text
811 4323 884 4397 ἐρεῖς
899 4331 902 4390 Ι
921 4328 956 4382 11
978 4326 1022 4380 Gr.
1042 4321 1131 4391 οὕτως
1148 4344 1210 4396 περ.
1228 4321 1284 4380 κτὲ.
1315 4325 1379 4378 Man
1396 4325 1501 4380 kdnnte

194 4409 280 4464 daher
302 4408 369 4463 »sic«
390 4412 457 4463 statt
477 4409 529 4462 »si«
549 4409 623 4463 lesen
641 4410 742 4466 wollen
760 4411 825 4481 (vgl.
843 4412 868 4466 d.
881 4415 961 4466 Anm.
977 4429 1010 4465 zu
1028 4412 1052 4465 d.
1067 4430 1107 4482 gr.
1120 4410 1149 4464 Τ.
1167 4441 1200 4450 -
1213 4411 1246 4475 B)
1262 4411 1266 4478 Ι
1283 4409 1321 4465 18
1339 4409 1415 4478 quid]
1435 4409 1500 4463 Cod.

194 4493 255 4562 quis
279 4494 283 4561 Ι
308 4493 349 4549 20
371 4493 472 4562 noster]
496 4493 531 4549 So
554 4494 601 4548 der
619 4493 684 4550 dod.
702 4495 755 4548 mit
775 4495 837 4549 dem
861 4495 962 4565 griech.
986 4495 1119 4565 Original.
1155 4495 1232 4550 Nach
1254 4494 1316 4549 dem
1338 4493 1499 4562 folgenden:

195 4577 353 4642 »Quomodo
371 4577 501 4647 probatur
515 4577 653 4632 Christum
665 4596 721 4633 non
733 4596 790 4633 esse
803 4578 889 4632 filium
903 4581 1069 4634 creatorisic
1090 4580 1147 4633 und
1159 4581 1221 4634 dem
1236 4579 1298 4634 »sed
1311 4578 1433 4633 Christus
1445 4595 1501 4632 non

193 4664 235 4717 est
252 4661 329 4715 illius
347 4661 434 4715 filius«
454 4662 549 4716 weiter
568 4665 653 4716 unten
673 4665 800 4718 erwartet
817 4681 882 4718 men
896 4663 1059 4720 »Christus«.
1091 4665 1224 4732 onoster«
1240 4664 1277 4718 ist
1288 4663 1396 4734 richtig.
1411 4694 1444 4702 —
1458 4663 1500 4731 B).
