3744 5528
235 434 346 505 Caspari
362 434 401 488 IV
419 449 441 487 c.
459 436 500 489 11.
828 432 936 503 Dialog.
1475 441 1534 503 167

236 603 337 688 gretia
356 606 393 668 ut
424 606 472 668 est
493 625 575 686 aqua
603 603 771 678 salterrae,
802 622 882 684 quae
907 600 987 666 nihil
1017 599 1102 665 eliud
1129 603 1233 682 potest
1260 622 1327 666 esse
1353 623 1449 686 quarn
1473 603 1535 668 hoc

235 705 321 788 quod
343 705 398 781 est,
419 701 453 766 id
474 706 521 766 est
542 724 622 785 qnae
643 723 744 785 neque
766 702 799 766 in
817 701 930 767 melius
950 701 1110 785 proficere,
1131 722 1233 784 neque
1255 701 1288 765 in
1312 703 1448 767 deterius
1469 702 1535 768 labi

234 805 347 885 potest
376 800 456 866 nihil
484 802 594 884 utique
623 802 718 866 bomo
748 800 801 865 uel
830 804 959 866 actuum
987 822 1116 865 suorum
1144 799 1197 865 uel
1226 801 1380 884 propositi
1416 803 1535 886 gratiae

234 901 364 966 haberet
389 922 426 968 ac
450 899 600 981 muneris,
630 902 686 965 ubi
711 922 775 966 non
800 900 972 965 industriae
999 899 1141 965 officium
1171 902 1227 965 sed
1247 899 1296 964 uis
1317 904 1447 965 natiuae
1467 900 1536 966 sola

201 1001 427 1067 5subsisteret.
467 999 529 1066 Sed
554 1023 657 1084 neque
687 1020 780 1085 agere
805 1000 992 1065 rationabile
1023 999 1143 1082 aliquid
1172 1003 1286 1083 posset,
1315 999 1372 1064 ubi
1401 1000 1535 1064 facultas

235 1099 372 1185 eligendi
392 1102 511 1166 bonum
533 1124 553 1165 a
577 1100 661 1165 malo
687 1100 741 1165 uel
760 1098 873 1189 melius
903 1121 922 1162 a
946 1101 1030 1164 bono
1060 1103 1190 1163 naturae
1214 1096 1339 1183 legibus
1369 1103 1536 1178 uetaretur‚

236 1203 267 1263 et
288 1204 370 1265 esset
390 1205 476 1267 totns
497 1201 592 1265 bomo
614 1204 698 1266 terra
718 1200 772 1265 uel
793 1222 882 1284 aqua,
904 1198 991 1263 aliud
1012 1220 1079 1262 esse
1100 1219 1163 1264 non
1189 1198 1381 1281 praeualens.
1417 1196 1537 1275 Quodsi

235 1298 330 1364 etiam
351 1323 407 1382 per
428 1322 499 1365 eum
521 1301 641 1384 aliquid
665 1300 741 1366 boni
768 1303 935 1384 ageraton·
950 1299 985 1362 id
1005 1298 1068 1362 iem
1095 1318 1158 1362 non
1179 1320 1271 1362 snum
1298 1300 1353 1363 sed
1379 1297 1429 1363 dei
1456 1302 1538 1363 esset

235 1398 342 1478 solius,
364 1400 419 1483 qui
442 1421 478 1464 eo
499 1400 590 1464 uelut
610 1419 729 1484 organo
751 1401 889 1483 quodam
908 1399 942 1463 in
962 1398 1077 1481 quibus
1098 1399 1166 1480 ipse
1187 1397 1258 1462 uult
1278 1401 1427 1462 uteretur.
1462 1397 1536 1464 Non

185 1504 218 1558 10
236 1517 311 1582 ergo
332 1503 545 1582 competenter
563 1499 679 1564 dicitur
699 1521 757 1583 pro
772 1498 957 1564 defectionis
971 1501 1058 1562 metu
1072 1497 1196 1562 excludi
1217 1498 1377 1564 bominem
1391 1496 1537 1563 debuisse

235 1621 254 1662 a
278 1598 478 1680 profectuum
504 1621 568 1683 spe,
598 1621 671 1664 cum
698 1604 729 1663 et
749 1600 809 1664 boc
834 1598 946 1681 ipsum,
977 1619 1017 1661 ne
1046 1596 1112 1661 labi
1137 1601 1252 1678 posset,
1282 1597 1316 1660 in
1337 1597 1386 1661 sui
1416 1598 1537 1662 arbitrii

233 1697 379 1762 libertate
399 1697 576 1781 poneretur.

317 1796 451 1880 (Quodsi
479 1801 511 1862 et
535 1798 596 1863 hoe
621 1797 753 1874 obicias,
784 1797 955 1881 praescisse
980 1798 1072 1860 deum
1105 1797 1190 1878 quod
1214 1796 1309 1860 horno
1335 1817 1391 1878 per
1416 1795 1538 1860 arbitrii

234 1895 412 1962 libertatem
440 1898 542 1980 magis
568 1896 721 1982 deligeret
749 1901 785 1960 ut
811 1899 851 1961 ad
882 1895 1031 1961 inferiora
1056 1896 1284 1972 conscenderet
1316 1899 1348 1959 et
1372 1897 1443 1962 ideo
1475 1917 1538 1961 non

185 2007 218 2060 15
235 1996 381 2061 debuisse
413 1996 510 2061 talem
544 1996 613 2061 fieri
649 2019 720 2061 eum
753 1996 880 2080 qualern
910 1995 1005 2062 sciret
1034 1995 1160 2059 omnino
1193 1993 1367 2077 lapsurum:
1402 1995 1538 2077 primum

235 2095 398 2160 sciendum
420 2099 573 2179 estquod
594 2118 658 2162 non
680 2101 727 2161 est
741 2095 816 2160 insti
836 2095 953 2173 iudicii,
977 2117 1014 2159 ex
1028 2093 1235 2178 praescientia
1256 2095 1397 2158 damnari
1418 2095 1539 2178 aliquid

236 2197 322 2279 qnod
347 2216 381 2260 re
407 2200 438 2260 et
465 2217 558 2278 opere
587 2218 652 2261 non
678 2195 719 2260 sit
750 2195 931 2260 admissum.
967 2193 1049 2259 'Pum
1076 2194 1187 2259 deinde
1218 2193 1273 2277 qui
1302 2193 1362 2258 boc
1391 2195 1436 2259 ita
1463 2195 1540 2260 dicit

235 2293 315 2360 illud
335 2295 406 2360 uult
419 2295 563 2380 intellegi
583 2300 620 2360 ut
634 2295 746 2360 timore
769 2297 906 2378 quodam
924 2292 1084 2376 prohiberi
1104 2291 1248 2357 debuerit
1265 2295 1342 2358 deus
1364 2316 1402 2359 ne
1422 2293 1540 2359 faceret

235 2395 276 2475 id
298 2398 385 2479 quod
405 2398 559 2460 metueret
579 2417 619 2460 ne
640 2394 810 2473 laberetur,
837 2415 909 2458 curn
929 2392 1046 2477 ntique,
1071 2393 1098 2456 si
1118 2391 1236 2457 labitur
1258 2393 1328 2476 quis
1351 2396 1383 2457 et
1403 2393 1536 2471 decidat,

185 2498 219 2554 20
237 2516 255 2558 a
276 2493 384 2559 diuina
405 2493 472 2559 eius
493 2493 694 2578 prouidentia
708 2515 864 2577 nusquam
884 2513 1012 2576 prorsus
1027 2493 1182 2570 abscedat,
1204 2513 1262 2556 neo
1277 2491 1404 2557 omnino
1420 2492 1540 2576 aliquid

236 2594 278 2658 sit
307 2596 393 2676 qnod
422 2592 471 2657 illi
500 2592 626 2677 penitus
655 2597 771 2677 pereat
806 2593 849 2658 Et
876 2613 971 2676 super
1001 2590 1107 2657 omnia
1137 2591 1239 2655 adhue
1264 2589 1344 2654 illud
1369 2591 1540 2656 uidendum

237 2695 284 2758 est
310 2695 396 2776 quod
423 2695 463 2757 ad
489 2697 635 2758 cunctam
661 2692 880 2758 rationabilem
905 2695 1051 2757 naturam
1080 2694 1198 2773 quante
1228 2694 1260 2754 et
1285 2712 1381 2774 quam
1410 2690 1541 2756 minima

235 2813 308 2877 pars
337 2794 433 2859 bomo
464 2797 520 2872 est,
553 2795 608 2876 qui
637 2792 783 2858 similiter
811 2796 847 2857 ut
876 2796 996 2857 ceterae
1032 2811 1140 2856 omnes
1175 2789 1377 2855 rationabiles
1410 2794 1541 2854 naturae

237 2891 358 2958 arbitrii
382 2892 547 2958 uoluntate
574 2896 708 2958 donatus
736 2895 795 2972 est,
821 2891 877 2976 qni
896 2895 1002 2956 temen
1022 2883 1112 2954 uelut
1138 2889 1207 2954 ouis
1234 2911 1339 2955 errans
1368 2911 1424 2972 per
1449 2889 1540 2973 igno-

186 3000 219 3055 25
238 2992 356 3056 rantiae
370 2997 494 3058 montes
509 2997 540 3058 et
554 2991 651 3058 colles
665 2992 743 3058 boni
756 2991 891 3075 pastoria
905 2991 1043 3056 humeris
1065 2994 1242 3074 reportatus
1258 2993 1305 3054 est
1326 2993 1358 3054 et
1377 2989 1540 3054 restitutus

237 3095 285 3155 est
305 3094 346 3155 ad
366 3089 438 3157 illas
458 3093 632 3176 nonaginta
653 3096 685 3156 et
705 3113 820 3158 nouem
842 3113 926 3170 oues,
948 3112 1028 3174 quae
1049 3113 1114 3155 nou
1136 3092 1326 3155 errauerunt
1360 3087 1443 3166 Quid
1465 3107 1539 3172 ergo

236 3189 294 3255 tibi
315 3189 442 3256 uidetur
467 3191 522 3275 qui
547 3192 609 3256 boe
629 3191 675 3256 ita
696 3192 812 3257 sentis?
848 3189 899 3255 Ne
922 3213 984 3254 una
1010 3195 1127 3256 erraret
1148 3189 1287 3262 ouicula,
1313 3188 1487 3272 nonaginta
1509 3192 1541 3251 et

236 3312 352 3356 nouem
375 3289 484 3355 ouium
504 3291 665 3374 profectus
688 3296 719 3356 et
740 3290 842 3375 gloria
863 3291 972 3355 debuit
990 3289 1156 3373 impediri?
1191 3287 1383 3373 Impeditum
1404 3308 1540 3371 namque

237 3390 348 3471 haeret,
370 3389 398 3454 si
419 3394 550 3455 naturae
570 3390 751 3455 rationabili
771 3389 901 3455 libertas
922 3389 1053 3468 arbitrii,
1075 3412 1131 3472 per
1152 3411 1247 3473 quarn
1267 3385 1342 3453 illae
1367 3386 1541 3472 nonaginta

323 3587 401 3644 lar.
419 3587 603 3654 Quodsi-S.
618 3590 668 3644 169
685 3587 808 3658 possunt]
827 3587 920 3642 Diesea
941 3604 1028 3657 ganas
1045 3586 1130 3642 steen
1148 3584 1219 3640 fehlt
1240 3584 1278 3640 im
1299 3603 1339 3656 gr.
1357 3585 1386 3639 T.
1421 3584 1490 3639 Dass
1512 3601 1541 3639 es

175 3721 182 3734 ,
236 3672 429 3743 nrsprtinglicb
446 3671 599 3741 griechiseh
616 3689 686 3738 war,
708 3673 813 3727 kdnnte
828 3688 895 3726 man
915 3689 965 3727 aus
981 3671 1036 3726 den
1053 3669 1170 3727 Worten
1189 3669 1339 3725 »madium«
1359 3669 1417 3724 und
1435 3685 1538 3739 »agam

237 3757 393 3813 sohliessen.
417 3756 550 3826 Dagegen
567 3757 636 3811 lasst
654 3757 713 3811 sich
724 3756 790 3812 aber
802 3755 945 3827 folgenden
958 3757 1104 3810 anfilhren:
1122 3753 1148 3808 S.
1157 3756 1230 3810 838s
1240 3754 1310 3808 wird
1322 3753 1441 3808 disselbe
1452 3753 1541 3823 lhage

237 3842 424 3912 anigeworien
436 3841 526 3895 lDaus
539 3841 679 3908 maaet,
699 3859 763 3896 eam
774 3842 849 3896 duret
867 3840 1018 3908 caicamus
1029 3838 1144 3893 arbitrii
1160 3837 1315 3904 libertatem,
1333 3837 1401 3906 quib
1413 3837 1542 3892 mainardi

236 3931 315 3982 marat
331 3927 365 3979 ira
380 3926 499 3989 malcan,
521 3925 567 3979 arel
587 3926 680 3994 angeli
699 3930 839 3996 αροείαιαα
860 3927 907 3980 uel
927 3923 1087 3979 homines&
1123 3924 1193 3979 Dort
1209 3923 1285 3976 kann
1303 3922 1351 3977 der
1368 3923 1441 3977 Veri.
1458 3920 1540 3977 keins

236 4014 366 4067 Antwert
382 4009 484 4081 geben,
511 4010 629 4065 sondern
647 4012 733 4082 stoplt
754 4011 856 4067 seinem
875 4010 985 4080 Gegner
1001 4009 1057 4064 den
1073 4007 1160 4062 linnd
1178 4005 1242 4062 mit:
1271 4007 1325 4061 »Ur
1342 4007 1434 4072 ardeo,
1454 4005 1540 4060 etiam

235 4113 323 4164 supra
344 4096 425 4150 deum
445 4111 540 4163 sapae
561 4095 629 4149 nis«.
664 4095 701 4150 lis
723 4095 789 4150 fane
810 4096 861 4150 anf
884 4094 946 4148 dass
970 4093 1093 4149 darselbe
1111 4091 1306 4147 Schrilteteller
1324 4091 1397 4161 jetat
1416 4107 1447 4145 so
1469 4089 1540 4145 viele

238 4181 348 4236 Grdnde
365 4179 453 4236 bersit
469 4180 520 4234 hat
537 4177 590 4234 den
607 4179 742 4236 Einwand
764 4179 812 4246 des
830 4179 952 4249 Gegners
974 4177 1154 4233 sbanweisen.
1188 4176 1294 4231 Jedoeh
1310 4176 1348 4230 ist
1364 4192 1393 4230 es
1409 4173 1539 4245 moglich,

237 4265 298 4320 dass
317 4265 390 4319 diese
408 4264 611 4333 Inconseqnenz
629 4265 707 4319 ihren
726 4265 821 4320 Gmnd
837 4264 867 4318 in
885 4265 933 4318 der
952 4261 1197 4318 Versehiedenheit
1214 4261 1262 4316 der
1279 4259 1394 4326 Qnellen
1411 4261 1472 4325 hat,
1495 4259 1540 4314 die

237 4350 285 4404 der
307 4349 380 4404 Veri.
403 4349 541 4404 bendtme.
576 4349 614 4402 Zn
636 4349 726 4404 einem
747 4350 924 4404 bestimmten
946 4347 1036 4404 Urteil
1056 4347 1105 4402 bin
1127 4346 1173 4401 ich
1193 4345 1273 4400 nicht
1294 4345 1416 4415 gelangt
1439 4373 1472 4384 —
1489 4344 1512 4399 Β
1534 4346 1539 4413 l

238 4435 274 4490 1s
293 4433 425 4504 Caspari's
441 4435 540 4503 Ansg.:
557 4433 699 4504 praecisae.
728 4432 813 4489 Wohl
831 4433 1018 4489 Druckiehler.
1036 4433 1104 4486 -B
1123 4434 1127 4498 l
1149 4431 1185 4487 14
1201 4431 1243 4501 ut]
1262 4430 1326 4486 eod.
1344 4432 1380 4484 et
1416 4427 1538 4499 Casperi:

237 4517 384 4587 (deterius)
402 4518 491 4589 magis
509 4516 643 4588 deligeret
660 4521 696 4572 et.
716 4519 782 4572 -B
798 4520 803 4587 l
818 4519 1015 4574 descenderet?
1033 4518 1100 4573 -Β
1115 4519 1120 4586 l
1137 4516 1174 4574 lb
1194 4516 1259 4571 Cod.
1272 4514 1410 4570 debuisset
1425 4514 1428 4580 Ι
1446 4512 1481 4568 18
1498 4511 1538 4582 ut]

236 4605 303 4658 Man
320 4606 459 4660 erwartet:
478 4604 561 4672 qnod.
