3744 5528
215 495 328 565 Caspari
345 494 371 550 V
389 511 411 548 c.
428 497 521 550 9—11.
809 492 919 566 Dialog.
1461 502 1518 566 193

213 670 312 728 maior
331 686 420 745 super
442 674 476 741 lo,
503 673 529 727 et
550 669 651 728 uirtus
672 667 815 728 altissimi
840 669 1024 731 obumbrabit
1044 672 1104 748 tibi,
1125 677 1279 749 propterea
1299 677 1325 730 11
1349 671 1429 748 quod
1448 688 1519 729 rme

213 774 294 828 eatur
314 786 349 827 eu
370 773 394 828 te
415 773 553 828 suacium
573 767 658 844 filices
679 768 726 828 dai
745 769 906 830 cambitor.

297 869 382 928 aaa.
405 869 444 929 d:
472 862 535 928 Sed
555 863 698 929 fortassis
721 863 815 928 etiam
842 863 947 949 angeli
973 887 1084 932 uocem
1110 866 1253 931 Marinus
1278 865 1420 949 putatiue
1444 866 1521 932 dioit

214 967 245 1028 et
266 985 330 1029 non
351 985 426 1028 uere
447 963 571 1029 factam.
608 960 691 1039 Quid
717 964 803 1028 enim
827 965 888 1029 hoc
914 965 1090 1030 euidentius
1117 966 1241 1032 ostendi
1266 969 1379 1048 potest,
1405 965 1519 1049 angelo

179 1063 348 1129 idicente:
371 1068 529 1144 Propterea
549 1074 576 1128 ot
595 1068 674 1146 quod
693 1074 830 1128 nascetur
850 1087 885 1128 ea
907 1069 954 1128 te?
981 1068 1012 1129 et
1031 1087 1188 1150 nusquam
1209 1065 1296 1138 dixit,
1321 1068 1358 1130 ut
1379 1064 1519 1130 Marinus

213 1163 336 1228 asserit:
366 1168 448 1244 quod
474 1173 611 1227 noceatur
634 1185 691 1244 per
717 1174 748 1242 te,
780 1167 847 1227 sed:
877 1186 912 1227 ea
934 1174 965 1228 a.
1001 1163 1120 1230 Sedet
1149 1164 1237 1245 illud,
1268 1167 1426 1248 quomodo
1456 1187 1521 1230 non

213 1262 346 1328 stultum
366 1263 492 1326 uidetur
511 1263 614 1327 dicere
636 1263 712 1346 quia
732 1263 814 1328 sicut
835 1284 891 1346 per
911 1263 1059 1344 fistulam,
1086 1268 1117 1328 et
1135 1262 1278 1330 confiteri
1296 1264 1424 1347 quidem
1447 1264 1521 1350 quia

212 1361 372 1428 transierit
402 1384 458 1445 par
488 1361 646 1446 uirginem
675 1365 820 1442 uerbum,
856 1381 971 1446 negare
1001 1368 1107 1427 autem
1143 1367 1229 1448 quod
1259 1385 1298 1428 ex
1328 1387 1365 1428 ea
1400 1363 1520 1448 aliquid

213 1461 414 1528 assumserit?
445 1460 524 1526 Cum
544 1461 658 1544 itaque,
680 1462 763 1527 sicut
784 1463 895 1541 dicitis,
916 1484 974 1546 pro
997 1462 1347 1548 turpitudine'negatur
1368 1467 1460 1528 natus
1483 1487 1521 1529 ex

162 1575 196 1629 10
213 1561 390 1646 uirgine-
406 1561 434 1626 si
454 1565 561 1625 temen
578 1560 644 1625 ulla
665 1562 827 1644 turpitudo
849 1562 964 1626 insuia
986 1564 1080 1627 rebus
1095 1561 1279 1627 ascribenda
1300 1567 1348 1628 est
1362 1563 1521 1628 diuinitati

211 1697 254 1708 ·—
277 1663 339 1727 hoc
366 1661 500 1744 quidem,
526 1660 656 1740 Mariua,
682 1665 768 1745 quod
794 1664 833 1725 ad
854 1661 1082 1744 turpitudinem
1107 1662 1250 1745 pertinet,
1275 1662 1423 1728 transisse
1450 1685 1521 1728 aum

212 1784 269 1845 per
289 1760 447 1826 naturales
469 1764 590 1825 meatus
616 1760 750 1846 uirginis
772 1761 941 1841 confiteris,
967 1765 1052 1845 quod
1077 1785 1154 1827 uero
1182 1766 1213 1826 et
1237 1762 1404 1827 honestum
1429 1765 1522 1828 etad

214 1882 410 1926 communem
435 1859 570 1925 salutem
591 1861 800 1926 necessarium
822 1861 948 1926 uidetur
970 1861 1116 1927 declinas.
1152 1859 1186 1925 Si
1208 1863 1291 1926 enim
1312 1862 1445 1927 transire
1466 1884 1523 1945 per

213 1961 315 2027 carnis
345 1960 509 2025 materiam
543 1961 676 2024 uerbum
707 1959 758 2024 dei
792 1981 856 2025 non
888 1961 1022 2040 erubuit,
1061 1963 1218 2047 quomodo
1255 1963 1293 2025 de
1330 1983 1366 2025 ea
1401 1961 1522 2046 aliquid

163 2071 195 2124 15
214 2079 372 2126 assumere
393 2059 564 2125 refutauit?
595 2058 678 2137 Quid
705 2060 789 2124 enim
815 2060 1023 2125 necessarium
1046 2065 1112 2126 erat
1132 2061 1206 2126 inda
1227 2065 1367 2139 transire,
1393 2062 1421 2125 si
1441 2060 1522 2125 nihil

213 2162 286 2226 inde
309 2160 518 2244 quaerebatur
538 2158 677 2224 assumi?

297 2283 322 2327 c.
343 2261 390 2328 X.
426 2264 481 2324 Ad.
502 2263 545 2324 d:
572 2257 606 2322 Si
627 2279 691 2322 non
712 2264 892 2342 susceperat
914 2281 952 2324 ex
972 2259 1073 2324 Maria
1098 2259 1236 2326 hominis
1261 2263 1415 2340 naturam,
1443 2282 1521 2344 quo·

214 2362 308 2425 modo
331 2358 468 2442 apostoli
488 2360 586 2422 uerba
606 2380 682 2422 uera
706 2358 907 2437 uidebuntur,
934 2381 1006 2424 cum
1033 2359 1110 2424 dicit
1136 2382 1207 2424 eum
1227 2365 1465 2442 primopeoo'tam
1488 2383 1523 2426 ea

213 2463 342 2524 mortuis
364 2462 395 2523 et
414 2463 540 2523 initimn
561 2462 796 2522 dormientium?
826 2457 861 2523 si
883 2458 966 2522 enim
992 2459 1061 2525 solo
1087 2459 1197 2523 habitu
1227 2462 1323 2523 homo
1348 2459 1436 2524 uisus
1467 2463 1522 2539 est,

163 2559 297 2624 rosioni
318 2556 423 2643 angeli
444 2578 594 2641 apparere
615 2556 724 2634 solent
750 2557 980 2643 primogenitus
1002 2581 1070 2624 esse
1097 2563 1128 2622 11
1148 2557 1275 2622 initium
1301 2559 1522 2624 dormientium

215 2681 278 2725 non
300 2661 412 2741 potest.

298 2764 375 2824 Mar.
395 2761 436 2821 d:
459 2755 601 2832 Quare?

298 2863 384 2922 Dutr.
393 2863 432 2922 d:
447 2855 564 2941 Angeli
579 2860 651 2921 anta
666 2854 824 2920 Christum
840 2860 1059 2939 apparuerunt
1074 2878 1114 2920 an
1129 2856 1268 2921 Christus
1284 2861 1355 2921 ante
1370 2856 1522 2940 angelos?

297 2963 373 3022 Mar.
395 2963 434 3022 d:
455 2954 539 3020 Ante
561 2957 696 3021 multum
717 2959 840 3038 tempus
861 2953 1009 3020 Abrahae
1031 2955 1137 3040 angeli
1158 2961 1377 3040 apparuerunt.

162 3061 195 3114 25
297 3061 386 3120 Esaia.
408 3061 447 3121 d.:
480 3055 514 3120 Si
535 3060 566 3119 ot
590 3055 696 3140 angeli
722 3059 754 3120 et
775 3053 919 3120 Christus
945 3055 1090 3120 similiter
1117 3061 1336 3139 apparuerunt,
1365 3057 1399 3121 id
1420 3061 1468 3122 est
1488 3057 1522 3121 in

172 3143 175 3149 ¹
212 3155 324 3220 habitu
337 3156 474 3220 humano
490 3158 717 3232 tantummodo,
739 3177 805 3219 uon
818 3159 923 3238 potest
944 3177 1011 3220 essa
1026 3153 1169 3221 Christus
1190 3155 1428 3241 primogenitus,
1449 3178 1522 3223 cum

213 3255 319 3340 angeli
348 3259 419 3319 ante
449 3255 554 3338 ipsum
580 3259 801 3339 apparueumt,
830 3255 912 3319 sicut
938 3255 1034 3320 etiam
1063 3254 1297 3337 tu{confiteris;
1323 3277 1449 3322 necessa
1476 3261 1523 3321 est

215 3357 297 3420 anim
317 3355 391 3420 illos
413 3354 476 3419 dici
497 3355 725 3440 primogenitos
748 3355 804 3438 qui
826 3354 864 3418 ab
885 3355 955 3438 ipso
975 3355 1096 3437 priores
1103 3353 1199 3438 sauna

296 3477 321 3519 c.
343 3457 410 3523 XI.
445 3460 500 3520 Ad.
521 3460 559 3520 d:
585 3453 750 3532 Quomodo
777 3458 883 3519 autem
903 3454 1031 3519 initium
1058 3456 1281 3521 dormientium
1302 3453 1445 3520 Christus
1467 3461 1523 3535 ast,

161 3564 197 3621 30
214 3577 287 3620 enm
308 3559 379 3620 ante
402 3555 506 3638 ipsum
526 3555 612 3621 filius
634 3554 807 3620 Sunamitis
828 3553 929 3620 multo
951 3554 1038 3638 prius
1060 3558 1201 3639 tempore
1222 3577 1242 3618 a
1262 3556 1394 3619 mortuis
1422 3577 1523 3620 resur·

214 3655 329 3720 rexerit
352 3660 383 3719 et
402 3655 487 3719 filius
502 3654 693 3739 Sareptanae
715 3653 859 3719 mulieris
882 3659 913 3719 et
927 3653 1085 3720 Lazarus?
1106 3654 1141 3718 Si
1161 3654 1245 3718 enim
1265 3677 1330 3719 non
1352 3658 1523 3720 secundum

211 3753 378 3819 ueritatem
403 3759 545 3818 mortuus
567 3758 622 3834 est,
651 3759 683 3819 et
709 3777 745 3819 ea
775 3777 856 3838 quae
882 3757 971 3840 gesta
997 3759 1071 3820 sunt
1098 3754 1289 3820 uidebantur
1316 3754 1383 3838 gari
1410 3754 1521 3838 magis,

215 3876 311 3938 quam
334 3853 466 3920 ueritate
488 3854 684 3938 gerebantur,
711 3855 794 3918 sicut
815 3859 846 3918 ot
867 3853 1023 3919 lohannes
1045 3853 1122 3918 dicit
1147 3853 1222 3936 quia
1243 3857 1307 3917 Lea
1326 3876 1383 3934 per
1402 3858 1523 3934 Moysen

301 4003 341 4059 10
364 4001 429 4058 God.
452 4001 538 4058 nulla.
574 4001 724 4057 Vielleicht
747 4003 833 4057 durch
858 4002 1069 4074 Vardoppelung
1095 4001 1142 4057 des
1167 4020 1216 4054 ›n‹
1239 4019 1295 4058 von
1319 4003 1441 4056 »tamen«
1464 4003 1522 4055 ent·

216 4087 333 4143 standan
348 4090 352 4158 1
369 4088 457 4156 20121
478 4087 597 4142 11110111.
615 4087 678 4141 sind
696 4087 833 4142 awischen
852 4087 1076 4142 »dormientium«
1096 4085 1153 4142 und
1168 4102 1239 4140 »non
1250 4087 1357 4156 potest:
1370 4085 1413 4139 die
1425 4083 1523 4140 Worte

218 4171 254 4225 »si
278 4173 352 4228 enim
364 4201 395 4212 -
409 4171 619 4226 dormientium«
644 4169 814 4227 wiederholt.
849 4171 907 4227 Vor
931 4172 1034 4226 diesem
1056 4171 1172 4227 zweiten
1196 4169 1234 4224 »si
1256 4169 1329 4224 enim
1342 4199 1375 4209 -
1387 4168 1522 4224 dormien-

215 4257 300 4311 tium«
325 4256 400 4311 steht
421 4257 466 4310 ein
489 4253 632 4326 doppelter
649 4255 744 4310 Puuht
766 4255 823 4310 und
846 4273 892 4310 am
908 4255 1005 4310 Raude
1028 4255 1161 4311 ebenfalls
1184 4253 1229 4310 ein
1250 4253 1358 4309 soloher
1376 4253 1433 4307 und
1452 4271 1524 4308 »non

215 4343 349 4412 poterat«.
379 4339 443 4396 Wie
461 4357 488 4395 es
507 4339 626 4406 scheint‚
646 4338 790 4395 vermisste
803 4338 919 4411 jemand
936 4342 1009 4396 nach
1027 4341 1089 4396 dem
1107 4342 1197 4395 ersten
1217 4337 1301 4392 »si-
1313 4336 1521 4393 dormientium«

216 4425 262 4480 die
274 4423 371 4481 Warte
385 4442 456 4480 anon
468 4426 590 4497 poterat«
611 4423 667 4478 und
685 4423 763 4495 idgte
776 4425 916 4480 dieselben
929 4443 973 4480 am
984 4425 1081 4480 Rauda
1095 4424 1188 4488 hinnu,
1207 4423 1279 4478 ohne
1294 4421 1524 4478 wahmunehmen

216 4510 280 4564 dass
305 4509 342 4564 »si
355 4509 609 4566 -donnientium
633 4509 706 4564 noch
729 4509 832 4565 einmal
859 4511 947 4581 iolgte
969 4509 1026 4565 und
1052 4509 1162 4564 hierauf
1186 4523 1258 4561 »non
1278 4507 1385 4577 potestt
1412 4507 1493 4562 stand
1518 4509 1522 4576 Ι

218 4595 257 4653 21
276 4595 343 4652 eod.
366 4595 579 4667 apparuereunt,
605 4591 657 4648 mit
674 4595 804 4650 Punkten
825 4596 894 4651 iiber
915 4595 974 4648 und
995 4597 1076 4649 unter
1098 4593 1161 4648 dem
1184 4591 1288 4646 letateu
1311 4591 1523 4660 »0:1810011.

218 4681 391 4751 Sareptenae.

271 4765 438 4811 Adamantius.
1283 4759 1317 4816 13
