3744 5524
350 502 389 568 80
905 499 1093 556 Adamantius.
1305 497 1345 552 De
1361 497 1391 552 la
1407 496 1465 550 Rue
1482 499 1508 553 11
1525 498 1655 555 emb-e.

350 662 469 745 καθῶς
491 655 691 753 ἀνεγνώσθη
713 667 751 734 ἔν
774 671 824 754 τῷ
848 659 1042 753 εὐαγγελίῳ·
1074 667 1230 746 τέκνον,
1254 668 1344 751 φησί,
1367 657 1569 752 μνῆσθητι
1592 656 1654 734 ὅτι

351 756 548 844 ἀπέλαβες
570 761 615 832 σύ
642 760 689 832 τά
711 759 843 851 ἀγαθά
870 766 912 834 ἐν
934 769 981 850 τῆ
1004 769 1081 851 ζωῇ
1104 785 1187 846 σου,
1218 767 1282 832 καὶ
1305 758 1485 850 Λάζαρος
1511 757 1655 850 δμοίως

318 861 400 932 στά
422 858 536 932 κακά·
559 867 632 932 νῦν
653 867 693 934 δέ
708 855 774 934 ῦδε
795 871 1103 950 παρακαλεῖται,
1126 861 1170 933 σύ
1185 865 1225 931 δὲ
1240 855 1442 932 ὀδυνᾶσαι.
1479 869 1655 952 τηλαυγῶς

353 964 388 1030 δέ
418 965 472 1029 καὶ
503 960 583 1044 τούς
612 960 656 1051 μῆ
683 959 909 1045 πιστεύοντας
936 969 1054 1033 Μωσεῖ
1081 967 1136 1031 καὶ
1167 978 1241 1043 τοῖς
1270 957 1478 1052 προφήταις,
1510 961 1656 1045 τούτους

318 1083 334 1134 5
352 1064 434 1149 μηδὲ
457 1065 507 1150 τῷ
530 1064 567 1130 ἐκ
589 1067 723 1150 νεκρῶν
744 1057 931 1134 ἀναστάντι
951 1059 1122 1134 πιστεύειν
1143 1056 1353 1150 ἀπεφήνατο.

436 1167 511 1230 MK.
546 1155 652 1249 Ἡμεῖς
672 1159 854 1251 προφήτας
875 1168 931 1232 καὶ
953 1158 1060 1252 νόμον
1075 1157 1116 1233 ού
1130 1158 1304 1249 δεχόμεθα,
1328 1156 1405 1232 ούδέ
1427 1157 1489 1249 γάρ
1511 1165 1572 1232 εἰσι
1594 1169 1657 1232 τοῦ

355 1253 517 1348 ἡμετέρου
539 1265 636 1330 θεοῦ·
660 1255 826 1351 δεχόμεθα
847 1267 884 1332 δὲ
906 1261 946 1334 τό
970 1258 1163 1349 εύαγγέλιον
1184 1267 1240 1331 καὶ
1263 1259 1326 1331 τόν
1348 1255 1553 1333 ἀπόστολον.

438 1363 504 1428 ΑΔ.
541 1365 649 1431 Ποῖον
664 1357 877 1446 ἀπόστολον;
898 1359 1048 1443 πολλοῦς
1070 1359 1132 1450 γὰρ
1149 1363 1220 1449 ἔσχε
1236 1355 1451 1443 ἀποστόλους
1465 1356 1485 1432 ό
1501 1359 1656 1450 Χριστός.

438 1465 512 1528 MK.
555 1465 702 1532 Παῦλον.

305 1575 337 1628 10
438 1562 505 1628 ΑΔ.
540 1555 658 1630 Πόθεν
673 1562 779 1648 ἔγνως
802 1553 856 1630 ότι
871 1565 1007 1641 Παῦλος
1029 1553 1223 1641 ἀπόστολός
1242 1563 1350 1644 ἐστιν;
1372 1565 1400 1630 εί
1421 1558 1558 1648 μὲνγὰρ
1574 1561 1656 1648 ἔχεις

355 1660 392 1726 ἐν
415 1662 465 1745 τῷ
488 1652 669 1748 εύαγγελίω
693 1657 734 1730 τό
750 1653 857 1746 ὄνομα
879 1654 985 1730 αύτοῦ
1007 1663 1241 1748 γεγραμμένον,
1265 1661 1384 1744 δεῖξον,
1408 1665 1436 1730 εί
1457 1655 1487 1729 δ’
1509 1655 1657 1747 ούδαμοῦ

356 1756 439 1842 ἔχεις
462 1761 567 1827 τοῦτο
590 1765 826 1848 γεγραμμένον,
848 1753 961 1830 πόθεν
982 1759 1104 1846 ἔμαθες
1126 1751 1180 1828 ότι
1202 1753 1396 1841 ἀπόστολός
1418 1762 1525 1843 ἐστιν;

319 1860 337 1913 d
441 1862 515 1924 MK.
558 1852 776 1945 Αύτόςῦπέρ
799 1852 905 1929 αύτοῦ
930 1853 1050 1946 γράφει
1073 1861 1194 1945 λέγων·
1225 1863 1396 1941 Παῦλος,
1428 1853 1656 1940 ἀπόστολος

356 1948 480 2041 Ἰησοῦ
502 1960 687 2043 Χριστοῦ.

307 2063 339 2116 15
441 2058 507 2124 ΑΔ.
553 2051 668 2138 Ούδείς
692 2063 770 2145 περὶ
792 2051 898 2127 αύτοῦ
919 2061 1103 2146 μαρτυροῦν
1123 2051 1320 2142 ἀξιόπιστός
1342 2061 1443 2142 ἐστιν,
1471 2053 1574 2140 αύτός
1596 2057 1657 2147 γὰρ

357 2156 492 2235 Παῦλος
521 2158 608 2243 λέγει
634 2148 690 2226 ότι
717 2152 787 2244 ούγ
814 2150 833 2226 ό
860 2154 1006 2226 ἔαυτόν
1032 2162 1235 2226 συνιστῶν
1260 2160 1344 2226 ἐστι
1373 2153 1548 2245 δόκιμος·
1580 2153 1659 2228 ούδέ

358 2279 410 2334 τις
437 2251 551 2342 ἔτερος
579 2251 672 2344 αύτῷ
699 2255 924 2345 ἐμαρτύρησεν
951 2247 1031 2326 ούτε
1058 2251 1099 2324 τό
1129 2251 1330 2344 εύαγγέλιον.
1373 2252 1485 2327 πόθεν
1510 2247 1572 2327 οῦν
1602 2250 1656 2326 ότι

358 2343 461 2435 οὗτος
483 2349 693 2438 ἀπόστολος;

441 2460 516 2522 MK.
558 2447 661 2541 Ὑμεῖς
683 2449 795 2526 πόθεν
817 2449 923 2524 αύτόν
945 2455 1071 2541 ἔγνωτε
1093 2448 1305 2538 ἀπόστολον;
1336 2446 1415 2525 ούτε
1442 2452 1505 2542 γάρ
1527 2458 1658 2536 ἐντοῖς

308 2557 342 2610 20
359 2546 562 2640 εύαγγελίοις
585 2549 841 2642 ἀναγέγραπται.

441 2655 507 2721 ΑΔ.
543 2651 743 2742 Πρόσταξον
763 2648 1028 2742 ἀναγνωσθῆναι
1044 2651 1105 2736 τὰς
1128 2660 1202 2723 τῶν
1215 2649 1425 2725 ἀποστόλων
1445 2651 1581 2744 πράξεις
1603 2661 1658 2724 καὶ

359 2749 420 2831 τὰς
435 2749 625 2836 ἐπιστολάς,
647 2759 703 2822 καὶ
718 2747 865 2841 εῦρῆοεις
880 2748 987 2822 αύτόν
1005 2750 1290 2842 μαρτυρούμενον,
1312 2752 1361 2842 πῆ
1374 2759 1436 2841 μὲν
1451 2749 1499 2835 ῶς
1521 2759 1658 2835 σκεῦος

359 2854 526 2940 ἐκλογῆς
547 2845 614 2922 ύπό
637 2857 700 2922 τοῦ
722 2856 873 2940 Χριστοῦ
899 2845 1185 2939 ὁμολογούμενον,
1214 2851 1262 2941 πῆ
1286 2858 1322 2923 δὲ
1347 2847 1414 2925 ύπό
1437 2858 1570 2941 Πέτρου
1597 2857 1659 2924 τοῦ

360 2945 556 3022 ἀποστόλου
571 2956 809 3040 γεγραμμένον·
831 2948 931 3021 κατά
955 2949 1028 3040 τὴν
1049 2959 1210 3038 σοφίαν,
1235 2958 1325 3040 φησί,
1349 2952 1422 3042 τῆν
1437 2956 1659 3042 δεδομένην

326 3054 415 3137 θεῷ
439 3044 599 3139 ἀδελφῷ
621 3078 695 3138 μου
717 3047 870 3139 Παύλῳ.

442 3156 504 3218 ΠΥ
506 3157 563 3220 ΤΡ.
599 3155 749 3237 Λέχεσθε,
774 3151 899 3237 Μᾶρκε,
923 3147 984 3231 τάς
1007 3156 1080 3219 τῶν
1094 3145 1304 3221 ἀποστόλων
1317 3147 1456 3239 πράξεις
1476 3159 1532 3222 καὶ
1553 3161 1661 3240 μαθη-

361 3254 434 3316 τῶν
457 3255 651 3337 λεγομένων
672 3245 720 3330 ῶς
742 3242 856 3338 ἀληθῆ
878 3244 899 3336 ῆ
922 3244 977 3332 οῦ,·

446 3355 520 3417 MK.
541 3345 646 3437 Ἡμεῖς
660 3354 769 3419 πλέον
784 3353 846 3418 τοῦ
861 3345 1053 3436 εύαγγελίου
1067 3357 1123 3419 καὶ
1142 3355 1204 3420 τοῦ
1220 3343 1417 3422 ἀποστόλου
1433 3345 1474 3420 ού
1489 3345 1661 3438 δεχόμεθα.

444 3457 563 3520 ΠῩΤΡ.
606 3452 650 3518 At
674 3444 812 3538 πράξεις
839 3454 894 3518 καὶ
921 3451 953 3518 αἱ
985 3453 1161 3520 ἐπιστολαὶ
1187 3456 1301 3520 ποίων
1331 3445 1539 3521 ἀποστόλων
1565 3456 1663 3534 είσίν,·

308 3573 341 3626 30
358 3557 522 3640 μέμνημαι
545 3547 608 3637 γάρ
630 3540 684 3619 ότι
707 3551 744 3619 ἐν
766 3553 817 3637 τῷ
840 3543 1020 3638 εύαγγελίῳ
1044 3549 1088 3632 ιβ’
1112 3555 1172 3620 είσί
1194 3556 1249 3618 καὶ
1272 3549 1334 3632 οβ’.

443 3657 508 3719 ΑΔ.
557 3654 631 3717 Τῶν
656 3652 930 3736 ἐγγεγραμμένων
956 3651 995 3717 ἐν
1022 3655 1072 3738 τῶ
1101 3645 1281 3738 εύαγγελίῳ
1307 3652 1448 3718 ἐκείνων
1470 3655 1530 3720 είσί
1552 3657 1607 3718 καὶ
1630 3653 1663 3719 αί

359 3745 495 3838 πράξεις
509 3755 565 3818 καί
581 3753 614 3819 αἱ
635 3752 810 3818 ἐπιστολαί
831 3754 887 3817 καὶ
902 3745 946 3818 τά
960 3743 1134 3836 εύαγγέλια
1155 3754 1220 3832 καί,
1244 3754 1273 3819 εί
1294 3745 1416 3832 βούλει,
1440 3743 1663 3837 ἀναγινῶσκω

360 3856 435 3930 πῶς
456 3857 511 3918 καὶ
535 3844 809 3935 εύαγγελίσασθαι
827 3841 1074 3936 ἀπεστάλησαν.

446 4207 502 4276 1Ι2Ι
521 4207 566 4260 Lo.
580 4207 623 4262 16:
637 4206 678 4261 25.
690 4235 723 4246 —
737 4206 834 4274 lam]
853 4207 941 4262 2001.
956 4209 982 4259 1:
996 4207 1020 4270 1,
1039 4202 1108 4274 Eph.
1121 4207 1148 4259 1:
1162 4209 1185 4268 1,
1204 4204 1261 4260 Col.
1276 4210 1302 4262 1:
1316 4209 1340 4264 1.
1353 4235 1386 4246 -
1400 4205 1444 4276 1⁰]
1463 4203 1552 4260 20or.
1565 4206 1609 4260 10:
1624 4204 1666 4260 18.

360 4324 391 4332 —
415 4292 512 4360 221231
530 4293 591 4346 Αοίι
604 4293 632 4346 9:
647 4294 686 4346 15.
705 4321 738 4330 -
757 4290 852 4359 24125]
870 4291 1066 4346 2Petr.3:15.

446 4485 528 4547 ³86⁶
545 4491 604 4556 ΠΗ,
627 4492 683 4562 vgl.
701 4490 788 4557 8271),
815 4479 870 4544 ὧδε
893 4487 918 4540 d.
937 4487 996 4542 flbr.
1021 4491 1025 4556 Ι
1050 4490 1087 4545 12
1110 4497 1196 4545 τοῦτο
1213 4490 1261 4554 ΡΗ
1282 4491 1312 4544 in
1329 4507 1384 4560 mg.
1420 4489 1454 4544 So
1476 4488 1546 4544 auch
1563 4487 1664 4558 Migne.

361 4585 463 4634 τοῦτον
486 4577 511 4630 d.
529 4577 588 4631 θῦν.
613 4578 619 4644 Ι
644 4578 680 4634 17
704 4577 767 4632 Rus.
793 4574 936 4642 »qnmnodo
958 4577 1061 4628 eertum
1083 4575 1155 4628 εείθι
1194 4574 1340 4630 vielleioht
1361 4573 1453 4630 πόθεν
1476 4566 1526 4628 οῦν
1548 4575 1632 4640 δῆλον
1659 4571 1664 4640 Ι

364 4653 612 4731 17Ι183τιοῦτος]
626 4658 642 4716 ό
655 4670 784 4726 τοιοῐτος
796 4659 841 4714 FH
852 4659 907 4712 Pio.
923 4659 928 4726 Ι
944 4658 983 4714 29
996 4655 1026 4714 αλ
1039 4677 1087 4715 vor
1098 4656 1187 4714 ἔπιοτ.
1200 4670 1233 4719 <
1247 4663 1271 4714 Α
1287 4663 1291 4727 Ι
1307 4660 1346 4715 30
1360 4654 1412 4730 off]
1426 4653 1618 4730 ἑβδομήκοντα
1632 4655 1665 4710 Η.
