<?xml version="1.0" encoding="UTF-8"?>
<!DOCTYPE html PUBLIC "-//W3C//DTD XHTML 1.0 Transitional//EN"
    "http://www.w3.org/TR/xhtml1/DTD/xhtml1-transitional.dtd">
<html xmlns="http://www.w3.org/1999/xhtml" xml:lang="en" lang="en">
 <head>
  <title>
</title>
<meta http-equiv="Content-Type" content="text/html;charset=utf-8" />
  <meta name='ocr-system' content='tesseract 3.04.00' />
  <meta name='ocr-capabilities' content='ocr_page ocr_carea ocr_par ocr_line ocrx_word'/>
</head>
<body>
  <div class='ocr_page' id='page_1' title='image "./diegriechischen03religoog_0161.png"; bbox 0 0 3744 5524; ppageno 0'>
   <div class='ocr_carea' id='block_1_1' title="bbox 192 505 1500 590">
    <p class='ocr_par' dir='ltr' id='par_1_1' title="bbox 192 505 1500 590">
     <span class='ocr_line' id='line_1_1' title="bbox 192 505 1500 590; baseline -0.002 -16"><span class='ocrx_word' id='word_1_1' title='bbox 192 520 304 590; x_wconf 69' lang='lat' dir='ltr'>caspar</span> <span class='ocrx_word' id='word_1_2' title='bbox 322 519 347 572; x_wconf 88' lang='lat'>11</span> <span class='ocrx_word' id='word_1_3' title='bbox 366 536 388 573; x_wconf 71' lang='lat' dir='ltr'>a</span> <span class='ocrx_word' id='word_1_4' title='bbox 405 521 429 573; x_wconf 81' lang='lat'>4.</span> <span class='ocrx_word' id='word_1_5' title='bbox 442 521 465 574; x_wconf 78' lang='lat' dir='ltr'>a.</span> <span class='ocrx_word' id='word_1_6' title='bbox 485 505 489 512; x_wconf 85' lang='grc'><em>“</em></span> <span class='ocrx_word' id='word_1_7' title='bbox 784 519 892 589; x_wconf 69' lang='lat' dir='ltr'>nerag.</span> <span class='ocrx_word' id='word_1_8' title='bbox 1459 526 1500 588; x_wconf 85' lang='lat'>67</span> 
     </span>
    </p>
   </div>
   <div class='ocr_carea' id='block_1_2' title="bbox 139 687 1500 3659">
    <p class='ocr_par' dir='ltr' id='par_1_2' title="bbox 193 687 1500 872">
     <span class='ocr_line' id='line_1_2' title="bbox 194 687 1500 773; baseline 0.001 -21"><span class='ocrx_word' id='word_1_9' title='bbox 194 691 382 752; x_wconf 73' lang='lat' dir='ltr'>condemnat</span> <span class='ocrx_word' id='word_1_10' title='bbox 403 709 456 751; x_wconf 87' lang='lat' dir='ltr'>eos</span> <span class='ocrx_word' id='word_1_11' title='bbox 478 688 534 770; x_wconf 94' lang='lat' dir='ltr'>qui</span> <span class='ocrx_word' id='word_1_12' title='bbox 555 709 618 752; x_wconf 93' lang='lat' dir='ltr'>non</span> <span class='ocrx_word' id='word_1_13' title='bbox 637 690 776 753; x_wconf 85' lang='lat' dir='ltr'>credunt</span> <span class='ocrx_word' id='word_1_14' title='bbox 812 687 942 752; x_wconf 77' lang='lat' dir='ltr'>Creator</span> <span class='ocrx_word' id='word_1_15' title='bbox 962 691 1067 751; x_wconf 89' lang='lat' dir='ltr'>autem</span> <span class='ocrx_word' id='word_1_16' title='bbox 1088 688 1137 753; x_wconf 88' lang='lat' dir='ltr'>his</span> <span class='ocrx_word' id='word_1_17' title='bbox 1156 689 1295 772; x_wconf 91' lang='lat' dir='ltr'>quidem,</span> <span class='ocrx_word' id='word_1_18' title='bbox 1323 689 1378 773; x_wconf 92' lang='lat' dir='ltr'>qui</span> <span class='ocrx_word' id='word_1_19' title='bbox 1400 690 1500 757; x_wconf 87' lang='lat' dir='ltr'>oredi-</span> 
     </span>
     <span class='ocr_line' id='line_1_3' title="bbox 193 787 1429 872; baseline 0.002 -20"><span class='ocrx_word' id='word_1_20' title='bbox 193 792 307 853; x_wconf 91' lang='lat' dir='ltr'>derunt</span> <span class='ocrx_word' id='word_1_21' title='bbox 328 787 396 867; x_wconf 86' lang='lat' dir='ltr'>sibi,</span> <span class='ocrx_word' id='word_1_22' title='bbox 418 789 556 869; x_wconf 75' lang='lat' dir='ltr'>praestat</span> <span class='ocrx_word' id='word_1_23' title='bbox 577 787 717 864; x_wconf 86' lang='lat' dir='ltr'>salutem,</span> <span class='ocrx_word' id='word_1_24' title='bbox 739 791 920 870; x_wconf 80' lang='lat' dir='ltr'>peccatores</span> <span class='ocrx_word' id='word_1_25' title='bbox 942 791 1046 852; x_wconf 88' lang='lat' dir='ltr'>autem</span> <span class='ocrx_word' id='word_1_26' title='bbox 1069 790 1256 853; x_wconf 88' lang='lat' dir='ltr'>condemnat</span> <span class='ocrx_word' id='word_1_27' title='bbox 1278 794 1309 854; x_wconf 93' lang='lat' dir='ltr'>et</span> <span class='ocrx_word' id='word_1_28' title='bbox 1329 790 1429 872; x_wconf 88' lang='lat' dir='ltr'>punit.</span> 
     </span>
    </p>

    <p class='ocr_par' dir='ltr' id='par_1_3' title="bbox 277 885 1234 971">
     <span class='ocr_line' id='line_1_4' title="bbox 277 885 1234 971; baseline 0.003 -21"><span class='ocrx_word' id='word_1_29' title='bbox 277 909 301 950; x_wconf 92' lang='lat' dir='ltr'>c.</span> <span class='ocrx_word' id='word_1_30' title='bbox 324 887 363 956; x_wconf 84' lang='lat' dir='ltr'>V.</span> <span class='ocrx_word' id='word_1_31' title='bbox 400 891 455 952; x_wconf 80' lang='lat' dir='ltr'>Ad.</span> <span class='ocrx_word' id='word_1_32' title='bbox 477 891 518 952; x_wconf 77' lang='lat' dir='ltr'>d:</span> <span class='ocrx_word' id='word_1_33' title='bbox 545 885 640 971; x_wconf 80' lang='lat' dir='ltr'>Engo,</span> <span class='ocrx_word' id='word_1_34' title='bbox 661 890 698 951; x_wconf 92' lang='lat' dir='ltr'>ut</span> <span class='ocrx_word' id='word_1_35' title='bbox 718 886 772 964; x_wconf 84' lang='lat' dir='ltr'>aie,</span> <span class='ocrx_word' id='word_1_36' title='bbox 794 888 896 951; x_wconf 90' lang='lat' dir='ltr'>bonus</span> <span class='ocrx_word' id='word_1_37' title='bbox 916 887 1074 950; x_wconf 90' lang='lat' dir='ltr'>neminem</span> <span class='ocrx_word' id='word_1_38' title='bbox 1094 886 1234 953; x_wconf 77' lang='lat' dir='ltr'>iudicat?</span> 
     </span>
    </p>

    <p class='ocr_par' dir='ltr' id='par_1_4' title="bbox 274 984 536 1052">
     <span class='ocr_line' id='line_1_5' title="bbox 274 984 536 1052; baseline -0.004 -1"><span class='ocrx_word' id='word_1_39' title='bbox 274 992 427 1052; x_wconf 75' lang='lat' dir='ltr'>Marad:</span> <span class='ocrx_word' id='word_1_40' title='bbox 453 984 536 1050; x_wconf 90' lang='lat' dir='ltr'>Non.</span> 
     </span>
    </p>

    <p class='ocr_par' dir='ltr' id='par_1_5' title="bbox 158 1084 1492 1170">
     <span class='ocr_line' id='line_1_6' title="bbox 158 1084 1492 1170; baseline 0 -16"><span class='ocrx_word' id='word_1_41' title='bbox 158 1103 174 1154; x_wconf 82' lang='lat'>5</span> <span class='ocrx_word' id='word_1_42' title='bbox 275 1091 328 1150; x_wconf 81' lang='lat' dir='ltr'>Ad.</span> <span class='ocrx_word' id='word_1_43' title='bbox 350 1091 389 1151; x_wconf 79' lang='lat' dir='ltr'>d:</span> <span class='ocrx_word' id='word_1_44' title='bbox 417 1084 452 1150; x_wconf 91' lang='lat' dir='ltr'>Si</span> <span class='ocrx_word' id='word_1_45' title='bbox 473 1089 637 1151; x_wconf 85' lang='lat' dir='ltr'>ostendero</span> <span class='ocrx_word' id='word_1_46' title='bbox 660 1086 778 1150; x_wconf 90' lang='lat' dir='ltr'>bonum</span> <span class='ocrx_word' id='word_1_47' title='bbox 792 1085 939 1165; x_wconf 89' lang='lat' dir='ltr'>iudicare,</span> <span class='ocrx_word' id='word_1_48' title='bbox 961 1086 1138 1170; x_wconf 84' lang='lat' dir='ltr'>adquiescis</span> <span class='ocrx_word' id='word_1_49' title='bbox 1154 1086 1229 1169; x_wconf 88' lang='lat' dir='ltr'>quia</span> <span class='ocrx_word' id='word_1_50' title='bbox 1246 1110 1329 1153; x_wconf 91' lang='lat' dir='ltr'>unus</span> <span class='ocrx_word' id='word_1_51' title='bbox 1349 1092 1396 1153; x_wconf 88' lang='lat' dir='ltr'>est</span> <span class='ocrx_word' id='word_1_52' title='bbox 1415 1093 1492 1154; x_wconf 91' lang='lat' dir='ltr'>deus</span> 
     </span>
    </p>

    <p class='ocr_par' dir='ltr' id='par_1_6' title="bbox 192 1185 849 1567">
     <span class='ocr_line' id='line_1_7' title="bbox 192 1185 429 1251; baseline 0.004 -2"><span class='ocrx_word' id='word_1_53' title='bbox 192 1190 223 1249; x_wconf 87' lang='lat' dir='ltr'>et</span> <span class='ocrx_word' id='word_1_54' title='bbox 244 1208 308 1251; x_wconf 92' lang='lat' dir='ltr'>non</span> <span class='ocrx_word' id='word_1_55' title='bbox 330 1185 429 1250; x_wconf 78' lang='lat' dir='ltr'>alius?</span> 
     </span>
     <span class='ocr_line' id='line_1_8' title="bbox 273 1282 695 1350; baseline -0.005 0"><span class='ocrx_word' id='word_1_56' title='bbox 273 1291 363 1350; x_wconf 81' lang='lat' dir='ltr'>Marc.</span> <span class='ocrx_word' id='word_1_57' title='bbox 385 1289 424 1349; x_wconf 80' lang='lat' dir='ltr'>d:</span> <span class='ocrx_word' id='word_1_58' title='bbox 450 1282 526 1349; x_wconf 90' lang='lat' dir='ltr'>Non</span> <span class='ocrx_word' id='word_1_59' title='bbox 548 1284 695 1350; x_wconf 88' lang='lat' dir='ltr'>ostendis.</span> 
     </span>
     <span class='ocr_line' id='line_1_9' title="bbox 275 1383 794 1468; baseline 0.006 -21"><span class='ocrx_word' id='word_1_60' title='bbox 275 1389 330 1448; x_wconf 80' lang='lat' dir='ltr'>Ad.</span> <span class='ocrx_word' id='word_1_61' title='bbox 352 1389 391 1450; x_wconf 75' lang='lat' dir='ltr'>d:</span> <span class='ocrx_word' id='word_1_62' title='bbox 418 1384 607 1468; x_wconf 81' lang='lat' dir='ltr'>Adquiesoie</span> <span class='ocrx_word' id='word_1_63' title='bbox 629 1383 794 1468; x_wconf 78' lang='lat' dir='ltr'>apostolo?</span> 
     </span>
     <span class='ocr_line' id='line_1_10' title="bbox 274 1485 849 1567; baseline 0.003 -19"><span class='ocrx_word' id='word_1_64' title='bbox 274 1490 426 1550; x_wconf 77' lang='lat' dir='ltr'>Marad:</span> <span class='ocrx_word' id='word_1_65' title='bbox 451 1485 524 1550; x_wconf 86' lang='lat' dir='ltr'>Meo</span> <span class='ocrx_word' id='word_1_66' title='bbox 547 1485 649 1550; x_wconf 89' lang='lat' dir='ltr'>codici</span> <span class='ocrx_word' id='word_1_67' title='bbox 670 1485 849 1567; x_wconf 86' lang='lat' dir='ltr'>adquiesco.</span> 
     </span>
    </p>

    <p class='ocr_par' dir='ltr' id='par_1_7' title="bbox 141 1581 1498 1849">
     <span class='ocr_line' id='line_1_11' title="bbox 141 1581 1498 1669; baseline 0.001 -20"><span class='ocrx_word' id='word_1_68' title='bbox 141 1597 174 1649; x_wconf 78' lang='lat'>10</span> <span class='ocrx_word' id='word_1_69' title='bbox 275 1589 330 1648; x_wconf 86' lang='lat' dir='ltr'>Ad.</span> <span class='ocrx_word' id='word_1_70' title='bbox 352 1589 391 1650; x_wconf 88' lang='lat' dir='ltr'>d.:</span> <span class='ocrx_word' id='word_1_71' title='bbox 417 1582 529 1649; x_wconf 89' lang='lat' dir='ltr'>Habeo</span> <span class='ocrx_word' id='word_1_72' title='bbox 554 1589 696 1649; x_wconf 87' lang='lat' dir='ltr'>uestrum</span> <span class='ocrx_word' id='word_1_73' title='bbox 721 1584 863 1649; x_wconf 87' lang='lat' dir='ltr'>codicem</span> <span class='ocrx_word' id='word_1_74' title='bbox 889 1587 921 1648; x_wconf 90' lang='lat' dir='ltr'>et</span> <span class='ocrx_word' id='word_1_75' title='bbox 945 1581 1018 1666; x_wconf 79' lang='lat' dir='ltr'>lego</span> <span class='ocrx_word' id='word_1_76' title='bbox 1049 1584 1104 1647; x_wconf 88' lang='lat' dir='ltr'>ubi</span> <span class='ocrx_word' id='word_1_77' title='bbox 1132 1583 1209 1649; x_wconf 89' lang='lat' dir='ltr'>dicit</span> <span class='ocrx_word' id='word_1_78' title='bbox 1235 1585 1396 1668; x_wconf 88' lang='lat' dir='ltr'>apostolus</span> <span class='ocrx_word' id='word_1_79' title='bbox 1423 1587 1498 1669; x_wconf 88' lang='lat' dir='ltr'>quia</span> 
     </span>
     <span class='ocr_line' id='line_1_12' title="bbox 192 1687 1498 1766; baseline 0.002 -18"><span class='ocrx_word' id='word_1_80' title='bbox 192 1689 275 1748; x_wconf 79' lang='lat' dir='ltr'>Deos</span> <span class='ocrx_word' id='word_1_81' title='bbox 300 1687 442 1748; x_wconf 68' lang='lat' dir='ltr'>wdrcutd</span> <span class='ocrx_word' id='word_1_82' title='bbox 470 1689 581 1748; x_wconf 81' lang='lat' dir='ltr'>occulto</span> <span class='ocrx_word' id='word_1_83' title='bbox 606 1688 765 1748; x_wconf 78' lang='lat' dir='ltr'>immicum</span> <span class='ocrx_word' id='word_1_84' title='bbox 790 1688 955 1747; x_wconf 71' lang='lat' dir='ltr'>amandum</span> <span class='ocrx_word' id='word_1_85' title='bbox 984 1688 1173 1764; x_wconf 79' lang='lat' dir='ltr'>eucapetieun</span> <span class='ocrx_word' id='word_1_86' title='bbox 1197 1708 1298 1749; x_wconf 81' lang='lat' dir='ltr'>meum</span> <span class='ocrx_word' id='word_1_87' title='bbox 1321 1708 1374 1766; x_wconf 83' lang='lat' dir='ltr'>per</span> <span class='ocrx_word' id='word_1_88' title='bbox 1399 1691 1498 1751; x_wconf 77' lang='lat' dir='ltr'>Iesum</span> 
     </span>
     <span class='ocr_line' id='line_1_13' title="bbox 196 1787 1210 1849; baseline -0.001 0"><span class='ocrx_word' id='word_1_89' title='bbox 196 1787 357 1849; x_wconf 78' lang='lat' dir='ltr'>Otrietwm.</span> <span class='ocrx_word' id='word_1_90' title='bbox 1207 1787 1210 1793; x_wconf 54' lang='lat'><strong>⁴</strong></span> 
     </span>
    </p>

    <p class='ocr_par' dir='ltr' id='par_1_8' title="bbox 191 1881 1499 2065">
     <span class='ocr_line' id='line_1_14' title="bbox 275 1881 1495 1969; baseline 0.002 -23"><span class='ocrx_word' id='word_1_91' title='bbox 275 1887 362 1946; x_wconf 68' lang='lat' dir='ltr'>Eutr.</span> <span class='ocrx_word' id='word_1_92' title='bbox 383 1887 422 1946; x_wconf 76' lang='lat' dir='ltr'>d:</span> <span class='ocrx_word' id='word_1_93' title='bbox 451 1881 564 1947; x_wconf 83' lang='lat' dir='ltr'>ludicii</span> <span class='ocrx_word' id='word_1_94' title='bbox 585 1904 700 1948; x_wconf 92' lang='lat' dir='ltr'>nomen</span> <span class='ocrx_word' id='word_1_95' title='bbox 726 1881 852 1946; x_wconf 88' lang='lat' dir='ltr'>laudem</span> <span class='ocrx_word' id='word_1_96' title='bbox 879 1883 1020 1949; x_wconf 88' lang='lat' dir='ltr'>conferre</span> <span class='ocrx_word' id='word_1_97' title='bbox 1045 1882 1136 1947; x_wconf 87' lang='lat' dir='ltr'>bonis</span> <span class='ocrx_word' id='word_1_98' title='bbox 1162 1883 1288 1948; x_wconf 88' lang='lat' dir='ltr'>uidetur</span> <span class='ocrx_word' id='word_1_99' title='bbox 1315 1886 1347 1948; x_wconf 93' lang='lat' dir='ltr'>et</span> <span class='ocrx_word' id='word_1_100' title='bbox 1367 1885 1495 1969; x_wconf 85' lang='lat' dir='ltr'>dignam</span> 
     </span>
     <span class='ocr_line' id='line_1_15' title="bbox 191 1981 1499 2065; baseline 0.002 -20"><span class='ocrx_word' id='word_1_101' title='bbox 191 1983 309 2046; x_wconf 88' lang='lat' dir='ltr'>uirtute</span> <span class='ocrx_word' id='word_1_102' title='bbox 333 1983 475 2065; x_wconf 90' lang='lat' dir='ltr'>ipsorum</span> <span class='ocrx_word' id='word_1_103' title='bbox 500 1981 672 2046; x_wconf 84' lang='lat' dir='ltr'>retribuere</span> <span class='ocrx_word' id='word_1_104' title='bbox 702 1985 888 2061; x_wconf 90' lang='lat' dir='ltr'>mercedem,</span> <span class='ocrx_word' id='word_1_105' title='bbox 920 1982 1211 2049; x_wconf 81' lang='lat' dir='ltr'>condemnationem</span> <span class='ocrx_word' id='word_1_106' title='bbox 1241 2005 1317 2048; x_wconf 91' lang='lat' dir='ltr'>nero</span> <span class='ocrx_word' id='word_1_107' title='bbox 1347 1981 1439 2048; x_wconf 89' lang='lat' dir='ltr'>malis</span> <span class='ocrx_word' id='word_1_108' title='bbox 1465 1988 1499 2048; x_wconf 91' lang='lat' dir='ltr'>et</span> 
     </span>
    </p>

    <p class='ocr_par' dir='ltr' id='par_1_9' title="bbox 141 2079 1499 2365">
     <span class='ocr_line' id='line_1_16' title="bbox 141 2079 1499 2165; baseline 0.001 -20"><span class='ocrx_word' id='word_1_109' title='bbox 141 2095 174 2147; x_wconf 80' lang='lat'>15</span> <span class='ocrx_word' id='word_1_110' title='bbox 191 2080 305 2163; x_wconf 85' lang='lat' dir='ltr'>impiis.</span> <span class='ocrx_word' id='word_1_111' title='bbox 340 2079 414 2144; x_wconf 85' lang='lat' dir='ltr'>Sine</span> <span class='ocrx_word' id='word_1_112' title='bbox 430 2079 526 2145; x_wconf 90' lang='lat' dir='ltr'>dubio</span> <span class='ocrx_word' id='word_1_113' title='bbox 541 2085 573 2145; x_wconf 87' lang='lat' dir='ltr'>et</span> <span class='ocrx_word' id='word_1_114' title='bbox 590 2080 676 2144; x_wconf 88' lang='lat' dir='ltr'>istud</span> <span class='ocrx_word' id='word_1_115' title='bbox 696 2080 856 2160; x_wconf 89' lang='lat' dir='ltr'>iudicium,</span> <span class='ocrx_word' id='word_1_116' title='bbox 879 2083 964 2165; x_wconf 91' lang='lat' dir='ltr'>qnod</span> <span class='ocrx_word' id='word_1_117' title='bbox 985 2081 1054 2147; x_wconf 92' lang='lat' dir='ltr'>fieri</span> <span class='ocrx_word' id='word_1_118' title='bbox 1075 2082 1191 2147; x_wconf 85' lang='lat' dir='ltr'>dicitur</span> <span class='ocrx_word' id='word_1_119' title='bbox 1211 2086 1383 2148; x_wconf 88' lang='lat' dir='ltr'>secundum</span> <span class='ocrx_word' id='word_1_120' title='bbox 1405 2105 1499 2148; x_wconf 88' lang='lat' dir='ltr'>euan-</span> 
     </span>
     <span class='ocr_line' id='line_1_17' title="bbox 192 2177 1496 2267; baseline 0.002 -23"><span class='ocrx_word' id='word_1_121' title='bbox 192 2179 310 2264; x_wconf 82' lang='lat' dir='ltr'>gelium</span> <span class='ocrx_word' id='word_1_122' title='bbox 336 2202 393 2264; x_wconf 90' lang='lat' dir='ltr'>per</span> <span class='ocrx_word' id='word_1_123' title='bbox 413 2177 519 2244; x_wconf 88' lang='lat' dir='ltr'>Iesum</span> <span class='ocrx_word' id='word_1_124' title='bbox 541 2179 712 2258; x_wconf 84' lang='lat' dir='ltr'>Christum,</span> <span class='ocrx_word' id='word_1_125' title='bbox 743 2181 777 2245; x_wconf 92' lang='lat' dir='ltr'>in</span> <span class='ocrx_word' id='word_1_126' title='bbox 803 2203 865 2264; x_wconf 92' lang='lat' dir='ltr'>quo</span> <span class='ocrx_word' id='word_1_127' title='bbox 893 2181 1018 2246; x_wconf 88' lang='lat' dir='ltr'>occulta</span> <span class='ocrx_word' id='word_1_128' title='bbox 1038 2181 1202 2246; x_wconf 89' lang='lat' dir='ltr'>hominum</span> <span class='ocrx_word' id='word_1_129' title='bbox 1224 2187 1410 2266; x_wconf 82' lang='lat' dir='ltr'>arguuntur,</span> <span class='ocrx_word' id='word_1_130' title='bbox 1439 2205 1496 2267; x_wconf 91' lang='lat' dir='ltr'>pro</span> 
     </span>
     <span class='ocr_line' id='line_1_18' title="bbox 191 2278 1497 2365; baseline 0.002 -21"><span class='ocrx_word' id='word_1_131' title='bbox 191 2279 312 2344; x_wconf 88' lang='lat' dir='ltr'>meritis</span> <span class='ocrx_word' id='word_1_132' title='bbox 333 2279 472 2344; x_wconf 88' lang='lat' dir='ltr'>iustitiae</span> <span class='ocrx_word' id='word_1_133' title='bbox 499 2282 530 2343; x_wconf 90' lang='lat' dir='ltr'>et</span> <span class='ocrx_word' id='word_1_134' title='bbox 554 2278 727 2344; x_wconf 89' lang='lat' dir='ltr'>iniustitiae</span> <span class='ocrx_word' id='word_1_135' title='bbox 748 2279 883 2364; x_wconf 85' lang='lat' dir='ltr'>singulis</span> <span class='ocrx_word' id='word_1_136' title='bbox 906 2282 1084 2365; x_wconf 90' lang='lat' dir='ltr'>quibusque</span> <span class='ocrx_word' id='word_1_137' title='bbox 1105 2283 1344 2348; x_wconf 89' lang='lat' dir='ltr'>retributionem</span> <span class='ocrx_word' id='word_1_138' title='bbox 1364 2282 1497 2364; x_wconf 88' lang='lat' dir='ltr'>parabit.</span> 
     </span>
    </p>

    <p class='ocr_par' dir='ltr' id='par_1_10' title="bbox 191 2378 1500 2562">
     <span class='ocr_line' id='line_1_19' title="bbox 275 2378 1500 2462; baseline 0.002 -19"><span class='ocrx_word' id='word_1_139' title='bbox 275 2384 329 2443; x_wconf 81' lang='lat' dir='ltr'>Ad.</span> <span class='ocrx_word' id='word_1_140' title='bbox 351 2385 393 2444; x_wconf 77' lang='lat' dir='ltr'>d:</span> <span class='ocrx_word' id='word_1_141' title='bbox 420 2378 506 2444; x_wconf 86' lang='lat' dir='ltr'>Audi</span> <span class='ocrx_word' id='word_1_142' title='bbox 531 2379 636 2462; x_wconf 91' lang='lat' dir='ltr'>ipsum</span> <span class='ocrx_word' id='word_1_143' title='bbox 664 2378 842 2461; x_wconf 85' lang='lat' dir='ltr'>apostolum</span> <span class='ocrx_word' id='word_1_144' title='bbox 870 2380 1037 2445; x_wconf 89' lang='lat' dir='ltr'>dicentem:</span> <span class='ocrx_word' id='word_1_145' title='bbox 1068 2387 1132 2460; x_wconf 78' lang='lat' dir='ltr'>Epo</span> <span class='ocrx_word' id='word_1_146' title='bbox 1154 2386 1272 2462; x_wconf 79' lang='lat' dir='ltr'>quidem</span> <span class='ocrx_word' id='word_1_147' title='bbox 1293 2386 1374 2446; x_wconf 79' lang='lat' dir='ltr'>uelut</span> <span class='ocrx_word' id='word_1_148' title='bbox 1395 2387 1500 2446; x_wconf 78' lang='lat' dir='ltr'>absens</span> 
     </span>
     <span class='ocr_line' id='line_1_20' title="bbox 191 2483 1500 2562; baseline 0.002 -19"><span class='ocrx_word' id='word_1_149' title='bbox 191 2502 318 2560; x_wconf 72' lang='lat' dir='ltr'>corpore,</span> <span class='ocrx_word' id='word_1_150' title='bbox 342 2501 486 2560; x_wconf 79' lang='lat' dir='ltr'>praesens</span> <span class='ocrx_word' id='word_1_151' title='bbox 507 2489 605 2542; x_wconf 71' lang='lat' dir='ltr'>auum</span> <span class='ocrx_word' id='word_1_152' title='bbox 626 2483 750 2559; x_wconf 75' lang='lat' dir='ltr'>spiritu,</span> <span class='ocrx_word' id='word_1_153' title='bbox 772 2484 836 2542; x_wconf 73' lang='lat' dir='ltr'>rum</span> <span class='ocrx_word' id='word_1_154' title='bbox 856 2484 993 2544; x_wconf 76' lang='lat' dir='ltr'>iudiooue&#39;</span> <span class='ocrx_word' id='word_1_155' title='bbox 1015 2491 1158 2561; x_wconf 81' lang='lat' dir='ltr'>tunquam</span> <span class='ocrx_word' id='word_1_156' title='bbox 1175 2503 1419 2560; x_wconf 73' lang='lat' dir='ltr'>praesenseram,</span> <span class='ocrx_word' id='word_1_157' title='bbox 1447 2487 1500 2562; x_wconf 79' lang='lat' dir='ltr'>qui</span> 
     </span>
    </p>

    <p class='ocr_par' dir='ltr' id='par_1_11' title="bbox 139 2578 1500 3062">
     <span class='ocr_line' id='line_1_21' title="bbox 139 2578 1499 2662; baseline 0.004 -24"><span class='ocrx_word' id='word_1_158' title='bbox 139 2586 174 2638; x_wconf 83' lang='lat'>‘20</span> <span class='ocrx_word' id='word_1_159' title='bbox 192 2583 264 2643; x_wconf 80' lang='lat' dir='ltr'>tatio</span> <span class='ocrx_word' id='word_1_160' title='bbox 278 2589 414 2660; x_wconf 79' lang='lat' dir='ltr'>operatae</span> <span class='ocrx_word' id='word_1_161' title='bbox 429 2578 511 2662; x_wconf 75' lang='lat' dir='ltr'>(est),</span> <span class='ocrx_word' id='word_1_162' title='bbox 525 2584 559 2642; x_wconf 79' lang='lat' dir='ltr'>ia</span> <span class='ocrx_word' id='word_1_163' title='bbox 573 2582 695 2642; x_wconf 77' lang='lat' dir='ltr'>nomiae</span> <span class='ocrx_word' id='word_1_164' title='bbox 709 2582 826 2642; x_wconf 71' lang='lat' dir='ltr'>domim</span> <span class='ocrx_word' id='word_1_165' title='bbox 838 2585 936 2642; x_wconf 69' lang='lat' dir='ltr'>nostri</span> <span class='ocrx_word' id='word_1_166' title='bbox 948 2583 1017 2642; x_wconf 81' lang='lat' dir='ltr'>Iesu</span> <span class='ocrx_word' id='word_1_167' title='bbox 1034 2583 1146 2645; x_wconf 72' lang='lat' dir='ltr'>Christi</span> <span class='ocrx_word' id='word_1_168' title='bbox 1158 2584 1398 2644; x_wconf 65' lang='lat' dir='ltr'>conuenientium</span> <span class='ocrx_word' id='word_1_169' title='bbox 1412 2585 1499 2644; x_wconf 57' lang='lat' dir='ltr'>uota</span> 
     </span>
     <span class='ocr_line' id='line_1_22' title="bbox 191 2682 1500 2759; baseline -0.001 -16"><span class='ocrx_word' id='word_1_170' title='bbox 191 2689 217 2743; x_wconf 86' lang='lat' dir='ltr'>et</span> <span class='ocrx_word' id='word_1_171' title='bbox 237 2702 301 2743; x_wconf 77' lang='lat' dir='ltr'>oreo</span> <span class='ocrx_word' id='word_1_172' title='bbox 323 2683 433 2759; x_wconf 75' lang='lat' dir='ltr'>spiritu</span> <span class='ocrx_word' id='word_1_173' title='bbox 455 2701 524 2741; x_wconf 81' lang='lat' dir='ltr'>oum</span> <span class='ocrx_word' id='word_1_174' title='bbox 548 2683 658 2742; x_wconf 81' lang='lat' dir='ltr'>uirtute</span> <span class='ocrx_word' id='word_1_175' title='bbox 683 2682 801 2742; x_wconf 81' lang='lat' dir='ltr'>domini</span> <span class='ocrx_word' id='word_1_176' title='bbox 825 2684 923 2748; x_wconf 68' lang='lat' dir='ltr'>uestri</span> <span class='ocrx_word' id='word_1_177' title='bbox 940 2683 1009 2742; x_wconf 81' lang='lat' dir='ltr'>Iesu</span> <span class='ocrx_word' id='word_1_178' title='bbox 1035 2683 1157 2758; x_wconf 71' lang='lat' dir='ltr'>Garun,</span> <span class='ocrx_word' id='word_1_179' title='bbox 1190 2685 1299 2743; x_wconf 70' lang='lat' dir='ltr'>trudm</span> <span class='ocrx_word' id='word_1_180' title='bbox 1324 2683 1500 2744; x_wconf 73' lang='lat' dir='ltr'>huiuamodi</span> 
     </span>
     <span class='ocr_line' id='line_1_23' title="bbox 190 2777 1499 2852; baseline 0 -10"><span class='ocrx_word' id='word_1_181' title='bbox 190 2783 343 2842; x_wconf 74' lang='lat' dir='ltr'>homiaem</span> <span class='ocrx_word' id='word_1_182' title='bbox 363 2782 541 2842; x_wconf 74' lang='lat' dir='ltr'>semuncia</span> <span class='ocrx_word' id='word_1_183' title='bbox 561 2783 718 2841; x_wconf 63' lang='lat' dir='ltr'>iamiam</span> <span class='ocrx_word' id='word_1_184' title='bbox 738 2783 846 2842; x_wconf 65' lang='lat' dir='ltr'>coram.</span> <span class='ocrx_word' id='word_1_185' title='bbox 878 2777 921 2842; x_wconf 82' lang='lat' dir='ltr'>Et</span> <span class='ocrx_word' id='word_1_186' title='bbox 938 2780 1053 2843; x_wconf 89' lang='lat' dir='ltr'>iterum</span> <span class='ocrx_word' id='word_1_187' title='bbox 1073 2778 1160 2843; x_wconf 88' lang='lat' dir='ltr'>dicit:</span> <span class='ocrx_word' id='word_1_188' title='bbox 1191 2783 1251 2852; x_wconf 72' lang='lat' dir='ltr'>Qui</span> <span class='ocrx_word' id='word_1_189' title='bbox 1271 2783 1423 2843; x_wconf 71' lang='lat' dir='ltr'>contortor</span> <span class='ocrx_word' id='word_1_190' title='bbox 1442 2803 1499 2842; x_wconf 83' lang='lat' dir='ltr'>uos</span> 
     </span>
     <span class='ocr_line' id='line_1_24' title="bbox 187 2877 1499 2961; baseline -0.001 -19"><span class='ocrx_word' id='word_1_191' title='bbox 187 2883 317 2959; x_wconf 78' lang='lat' dir='ltr'>portabit</span> <span class='ocrx_word' id='word_1_192' title='bbox 340 2883 507 2956; x_wconf 78' lang='lat' dir='ltr'>iodicium,</span> <span class='ocrx_word' id='word_1_193' title='bbox 536 2883 704 2959; x_wconf 65' lang='lat' dir='ltr'>pascuaque</span> <span class='ocrx_word' id='word_1_194' title='bbox 731 2887 774 2941; x_wconf 83' lang='lat' dir='ltr'>eet</span> <span class='ocrx_word' id='word_1_195' title='bbox 797 2883 851 2942; x_wconf 81' lang='lat' dir='ltr'>ille.</span> <span class='ocrx_word' id='word_1_196' title='bbox 894 2878 925 2941; x_wconf 83' lang='lat' dir='ltr'>A</span> <span class='ocrx_word' id='word_1_197' title='bbox 951 2899 1014 2961; x_wconf 90' lang='lat' dir='ltr'>quo</span> <span class='ocrx_word' id='word_1_198' title='bbox 1044 2878 1184 2960; x_wconf 83' lang='lat' dir='ltr'>portabit</span> <span class='ocrx_word' id='word_1_199' title='bbox 1208 2877 1361 2942; x_wconf 89' lang='lat' dir='ltr'>iudicium</span> <span class='ocrx_word' id='word_1_200' title='bbox 1386 2879 1413 2942; x_wconf 88' lang='lat' dir='ltr'>is</span> <span class='ocrx_word' id='word_1_201' title='bbox 1446 2879 1499 2954; x_wconf 91' lang='lat' dir='ltr'>qui</span> 
     </span>
     <span class='ocr_line' id='line_1_25' title="bbox 192 2975 1499 3062; baseline 0.001 -20"><span class='ocrx_word' id='word_1_202' title='bbox 192 2979 360 3043; x_wconf 88' lang='lat' dir='ltr'>conturbat</span> <span class='ocrx_word' id='word_1_203' title='bbox 381 2976 564 3042; x_wconf 69' lang='lat' dir='ltr'>ecclesiam?</span> <span class='ocrx_word' id='word_1_204' title='bbox 585 2975 761 3060; x_wconf 87' lang='lat' dir='ltr'>Responde.</span> <span class='ocrx_word' id='word_1_205' title='bbox 795 2977 933 3057; x_wconf 80' lang='lat' dir='ltr'>abono,</span> <span class='ocrx_word' id='word_1_206' title='bbox 954 2983 1009 3042; x_wconf 87' lang='lat' dir='ltr'>aut</span> <span class='ocrx_word' id='word_1_207' title='bbox 1027 2977 1162 3043; x_wconf 86' lang='lat' dir='ltr'>amalo?</span> <span class='ocrx_word' id='word_1_208' title='bbox 1185 2977 1348 3062; x_wconf 88' lang='lat' dir='ltr'>Siquidem</span> <span class='ocrx_word' id='word_1_209' title='bbox 1370 2978 1499 3056; x_wconf 90' lang='lat' dir='ltr'>amalo,</span> 
     </span>
    </p>

    <p class='ocr_par' dir='ltr' id='par_1_12' title="bbox 140 3075 1500 3557">
     <span class='ocr_line' id='line_1_26' title="bbox 140 3075 1500 3160; baseline 0 -19"><span class='ocrx_word' id='word_1_210' title='bbox 140 3089 174 3141; x_wconf 78' lang='lat'>25</span> <span class='ocrx_word' id='word_1_211' title='bbox 192 3077 367 3143; x_wconf 88' lang='lat' dir='ltr'>ostenditur</span> <span class='ocrx_word' id='word_1_212' title='bbox 389 3075 531 3142; x_wconf 81' lang='lat' dir='ltr'>Christus</span> <span class='ocrx_word' id='word_1_213' title='bbox 558 3077 730 3141; x_wconf 80' lang='lat' dir='ltr'>secundum</span> <span class='ocrx_word' id='word_1_214' title='bbox 755 3081 787 3142; x_wconf 94' lang='lat' dir='ltr'>te</span> <span class='ocrx_word' id='word_1_215' title='bbox 813 3078 852 3141; x_wconf 89' lang='lat' dir='ltr'>ab</span> <span class='ocrx_word' id='word_1_216' title='bbox 878 3077 948 3160; x_wconf 91' lang='lat' dir='ltr'>ipso</span> <span class='ocrx_word' id='word_1_217' title='bbox 974 3099 1041 3142; x_wconf 86' lang='lat' dir='ltr'>esse</span> <span class='ocrx_word' id='word_1_218' title='bbox 1069 3083 1100 3142; x_wconf 92' lang='lat' dir='ltr'>et</span> <span class='ocrx_word' id='word_1_219' title='bbox 1125 3077 1298 3160; x_wconf 64' lang='lat' dir='ltr'>apostolum</span> <span class='ocrx_word' id='word_1_220' title='bbox 1329 3078 1356 3142; x_wconf 87' lang='lat' dir='ltr'>si</span> <span class='ocrx_word' id='word_1_221' title='bbox 1382 3101 1458 3143; x_wconf 91' lang='lat' dir='ltr'>uero</span> <span class='ocrx_word' id='word_1_222' title='bbox 1480 3101 1500 3141; x_wconf 93' lang='lat' dir='ltr'>a</span> 
     </span>
     <span class='ocr_line' id='line_1_27' title="bbox 190 3175 1497 3262; baseline -0.001 -20"><span class='ocrx_word' id='word_1_223' title='bbox 190 3179 288 3253; x_wconf 89' lang='lat' dir='ltr'>bono,</span> <span class='ocrx_word' id='word_1_224' title='bbox 315 3182 445 3261; x_wconf 87' lang='lat' dir='ltr'>apparet</span> <span class='ocrx_word' id='word_1_225' title='bbox 471 3176 546 3260; x_wconf 90' lang='lat' dir='ltr'>quia</span> <span class='ocrx_word' id='word_1_226' title='bbox 566 3177 660 3241; x_wconf 84' lang='lat' dir='ltr'>iudex</span> <span class='ocrx_word' id='word_1_227' title='bbox 682 3181 729 3241; x_wconf 89' lang='lat' dir='ltr'>est</span> <span class='ocrx_word' id='word_1_228' title='bbox 749 3175 851 3243; x_wconf 87' lang='lat' dir='ltr'>bouus</span> <span class='ocrx_word' id='word_1_229' title='bbox 879 3179 962 3241; x_wconf 86' lang='lat' dir='ltr'>deus.</span> <span class='ocrx_word' id='word_1_230' title='bbox 1005 3175 1139 3258; x_wconf 89' lang='lat' dir='ltr'>Deinde,</span> <span class='ocrx_word' id='word_1_231' title='bbox 1165 3177 1220 3243; x_wconf 89' lang='lat' dir='ltr'>ubi</span> <span class='ocrx_word' id='word_1_232' title='bbox 1245 3178 1391 3260; x_wconf 89' lang='lat' dir='ltr'>ponimus</span> <span class='ocrx_word' id='word_1_233' title='bbox 1413 3180 1497 3262; x_wconf 88' lang='lat' dir='ltr'>quod</span> 
     </span>
     <span class='ocr_line' id='line_1_28' title="bbox 192 3277 1499 3360; baseline 0.001 -19"><span class='ocrx_word' id='word_1_234' title='bbox 192 3277 269 3341; x_wconf 90' lang='lat' dir='ltr'>dicit</span> <span class='ocrx_word' id='word_1_235' title='bbox 293 3277 459 3360; x_wconf 84' lang='lat' dir='ltr'>scriptura:</span> <span class='ocrx_word' id='word_1_236' title='bbox 499 3282 698 3358; x_wconf 74' lang='lat' dir='ltr'>Qeeodeuuque</span> <span class='ocrx_word' id='word_1_237' title='bbox 727 3281 921 3342; x_wconf 64' lang='lat' dir='ltr'>seminecem</span> <span class='ocrx_word' id='word_1_238' title='bbox 945 3282 1032 3340; x_wconf 83' lang='lat' dir='ltr'>tomo</span> <span class='ocrx_word' id='word_1_239' title='bbox 1062 3281 1116 3342; x_wconf 80' lang='lat' dir='ltr'>too</span> <span class='ocrx_word' id='word_1_240' title='bbox 1141 3287 1167 3340; x_wconf 83' lang='lat' dir='ltr'>et</span> <span class='ocrx_word' id='word_1_241' title='bbox 1191 3286 1287 3356; x_wconf 79' lang='lat' dir='ltr'>metet,</span> <span class='ocrx_word' id='word_1_242' title='bbox 1318 3281 1349 3341; x_wconf 88' lang='lat' dir='ltr'>et</span> <span class='ocrx_word' id='word_1_243' title='bbox 1375 3278 1499 3356; x_wconf 89' lang='lat' dir='ltr'>iterum,</span> 
     </span>
     <span class='ocr_line' id='line_1_29' title="bbox 192 3373 1497 3460; baseline 0.002 -21"><span class='ocrx_word' id='word_1_244' title='bbox 192 3378 278 3460; x_wconf 93' lang='lat' dir='ltr'>quod</span> <span class='ocrx_word' id='word_1_245' title='bbox 297 3375 374 3441; x_wconf 90' lang='lat' dir='ltr'>dicit</span> <span class='ocrx_word' id='word_1_246' title='bbox 392 3376 543 3441; x_wconf 89' lang='lat' dir='ltr'>saluator:</span> <span class='ocrx_word' id='word_1_247' title='bbox 576 3382 642 3451; x_wconf 69' lang='lat' dir='ltr'>Osco</span> <span class='ocrx_word' id='word_1_248' title='bbox 662 3400 804 3440; x_wconf 74' lang='lat' dir='ltr'>menarum</span> <span class='ocrx_word' id='word_1_249' title='bbox 824 3381 923 3440; x_wconf 77' lang='lat' dir='ltr'>mensi</span> <span class='ocrx_word' id='word_1_250' title='bbox 942 3381 1071 3457; x_wconf 72' lang='lat' dir='ltr'>fueritis,</span> <span class='ocrx_word' id='word_1_251' title='bbox 1094 3381 1193 3444; x_wconf 76' lang='lat' dir='ltr'>eadem</span> <span class='ocrx_word' id='word_1_252' title='bbox 1213 3373 1381 3442; x_wconf 70' lang='lat' dir='ltr'>remetietur</span> <span class='ocrx_word' id='word_1_253' title='bbox 1400 3383 1497 3456; x_wconf 79' lang='lat' dir='ltr'>uotis,</span> 
     </span>
     <span class='ocr_line' id='line_1_30' title="bbox 193 3479 1499 3557; baseline 0 -17"><span class='ocrx_word' id='word_1_254' title='bbox 193 3481 237 3540; x_wconf 88' lang='lat' dir='ltr'>et:</span> <span class='ocrx_word' id='word_1_255' title='bbox 278 3481 338 3550; x_wconf 81' lang='lat' dir='ltr'>Qui</span> <span class='ocrx_word' id='word_1_256' title='bbox 362 3482 516 3556; x_wconf 71' lang='lat' dir='ltr'>aequauit</span> <span class='ocrx_word' id='word_1_257' title='bbox 538 3499 585 3540; x_wconf 83' lang='lat' dir='ltr'>me</span> <span class='ocrx_word' id='word_1_258' title='bbox 610 3498 710 3540; x_wconf 80' lang='lat' dir='ltr'>coram</span> <span class='ocrx_word' id='word_1_259' title='bbox 735 3479 909 3540; x_wconf 80' lang='lat' dir='ltr'>homiuibus</span> <span class='ocrx_word' id='word_1_260' title='bbox 939 3487 965 3540; x_wconf 78' lang='lat' dir='ltr'>et</span> <span class='ocrx_word' id='word_1_261' title='bbox 988 3500 1039 3556; x_wconf 78' lang='lat' dir='ltr'>epo</span> <span class='ocrx_word' id='word_1_262' title='bbox 1064 3480 1174 3557; x_wconf 73' lang='lat' dir='ltr'>utputo</span> <span class='ocrx_word' id='word_1_263' title='bbox 1200 3499 1268 3540; x_wconf 83' lang='lat' dir='ltr'>eum</span> <span class='ocrx_word' id='word_1_264' title='bbox 1293 3499 1393 3540; x_wconf 83' lang='lat' dir='ltr'>eorum</span> <span class='ocrx_word' id='word_1_265' title='bbox 1412 3487 1499 3557; x_wconf 82' lang='lat' dir='ltr'>patre</span> 
     </span>
    </p>

    <p class='ocr_par' dir='ltr' id='par_1_13' title="bbox 142 3576 1497 3659">
     <span class='ocr_line' id='line_1_31' title="bbox 142 3576 1497 3659; baseline 0.003 -23"><span class='ocrx_word' id='word_1_266' title='bbox 142 3584 176 3638; x_wconf 83' lang='lat'>30</span> <span class='ocrx_word' id='word_1_267' title='bbox 191 3597 256 3639; x_wconf 85' lang='lat' dir='ltr'>meo</span> <span class='ocrx_word' id='word_1_268' title='bbox 280 3581 334 3656; x_wconf 81' lang='lat' dir='ltr'>qui</span> <span class='ocrx_word' id='word_1_269' title='bbox 354 3580 389 3639; x_wconf 82' lang='lat' dir='ltr'>ia</span> <span class='ocrx_word' id='word_1_270' title='bbox 409 3581 497 3640; x_wconf 80' lang='lat' dir='ltr'>coelis</span> <span class='ocrx_word' id='word_1_271' title='bbox 518 3586 572 3655; x_wconf 81' lang='lat' dir='ltr'>est,</span> <span class='ocrx_word' id='word_1_272' title='bbox 605 3581 648 3640; x_wconf 89' lang='lat' dir='ltr'>et:</span> <span class='ocrx_word' id='word_1_273' title='bbox 679 3579 749 3639; x_wconf 79' lang='lat' dir='ltr'>Noa</span> <span class='ocrx_word' id='word_1_274' title='bbox 769 3582 854 3654; x_wconf 78' lang='lat' dir='ltr'>ceci,</span> <span class='ocrx_word' id='word_1_275' title='bbox 880 3576 997 3659; x_wconf 88' lang='lat' dir='ltr'>inquit,</span> <span class='ocrx_word' id='word_1_276' title='bbox 1023 3582 1135 3641; x_wconf 78' lang='lat' dir='ltr'>mittere</span> <span class='ocrx_word' id='word_1_277' title='bbox 1151 3597 1256 3656; x_wconf 79' lang='lat' dir='ltr'>paoem</span> <span class='ocrx_word' id='word_1_278' title='bbox 1281 3581 1330 3640; x_wconf 82' lang='lat' dir='ltr'>aed</span> <span class='ocrx_word' id='word_1_279' title='bbox 1352 3582 1497 3658; x_wconf 69' lang='lat' dir='ltr'>phidiam,</span> 
     </span>
    </p>
   </div>
   <div class='ocr_carea' id='block_1_3' title="bbox 194 4332 1498 4812">
    <p class='ocr_par' dir='ltr' id='par_1_14' title="bbox 194 4332 1498 4743">
     <span class='ocr_line' id='line_1_32' title="bbox 278 4332 1497 4405; baseline 0 -17"><span class='ocrx_word' id='word_1_280' title='bbox 278 4335 295 4388; x_wconf 82' lang='lat' dir='ltr'>a</span> <span class='ocrx_word' id='word_1_281' title='bbox 314 4334 378 4390; x_wconf 90' lang='lat' dir='ltr'>Cod.</span> <span class='ocrx_word' id='word_1_282' title='bbox 391 4332 484 4388; x_wconf 86' lang='lat' dir='ltr'>codice</span> <span class='ocrx_word' id='word_1_283' title='bbox 499 4335 503 4400; x_wconf 79' lang='grc' dir='ltr'>Ι</span> <span class='ocrx_word' id='word_1_284' title='bbox 521 4333 559 4387; x_wconf 78' lang='grc'>14</span> <span class='ocrx_word' id='word_1_285' title='bbox 578 4333 644 4388; x_wconf 87' lang='lat' dir='ltr'>Cod.</span> <span class='ocrx_word' id='word_1_286' title='bbox 664 4333 802 4389; x_wconf 85' lang='lat' dir='ltr'>uirtutem.</span> <span class='ocrx_word' id='word_1_287' title='bbox 834 4334 887 4390; x_wconf 81' lang='lat' dir='ltr'>Eia</span> <span class='ocrx_word' id='word_1_288' title='bbox 906 4335 990 4388; x_wconf 89' lang='lat' dir='ltr'>durch</span> <span class='ocrx_word' id='word_1_289' title='bbox 1003 4334 1184 4405; x_wconf 85' lang='lat' dir='ltr'>Einwirkung</span> <span class='ocrx_word' id='word_1_290' title='bbox 1201 4353 1255 4390; x_wconf 89' lang='lat' dir='ltr'>von</span> <span class='ocrx_word' id='word_1_291' title='bbox 1276 4337 1418 4405; x_wconf 77' lang='lat' dir='ltr'>»dignam«</span> <span class='ocrx_word' id='word_1_292' title='bbox 1437 4336 1497 4389; x_wconf 87' lang='lat' dir='ltr'>hcr-</span> 
     </span>
     <span class='ocr_line' id='line_1_33' title="bbox 194 4417 1496 4491; baseline 0.002 -19"><span class='ocrx_word' id='word_1_293' title='bbox 194 4419 387 4487; x_wconf 81' lang='lat' dir='ltr'>vorgerufener</span> <span class='ocrx_word' id='word_1_294' title='bbox 406 4418 504 4472; x_wconf 85' lang='lat' dir='ltr'>Fehler</span> <span class='ocrx_word' id='word_1_295' title='bbox 519 4421 522 4485; x_wconf 76' lang='grc'><strong>1</strong></span> <span class='ocrx_word' id='word_1_296' title='bbox 540 4417 578 4474; x_wconf 74' lang='lat' dir='ltr'>lt</span> <span class='ocrx_word' id='word_1_297' title='bbox 597 4419 678 4486; x_wconf 67' lang='lat' dir='ltr'>quod]</span> <span class='ocrx_word' id='word_1_298' title='bbox 699 4418 764 4474; x_wconf 90' lang='lat' dir='ltr'>Cod.</span> <span class='ocrx_word' id='word_1_299' title='bbox 784 4439 832 4489; x_wconf 73' lang='lat' dir='ltr'>»q«</span> <span class='ocrx_word' id='word_1_300' title='bbox 852 4420 903 4474; x_wconf 91' lang='lat' dir='ltr'>mit</span> <span class='ocrx_word' id='word_1_301' title='bbox 922 4436 968 4472; x_wconf 69' lang='lat'>»0«</span> <span class='ocrx_word' id='word_1_302' title='bbox 988 4419 1055 4474; x_wconf 81' lang='lat' dir='ltr'>iiber</span> <span class='ocrx_word' id='word_1_303' title='bbox 1073 4420 1122 4474; x_wconf 90' lang='lat' dir='ltr'>der</span> <span class='ocrx_word' id='word_1_304' title='bbox 1139 4420 1210 4474; x_wconf 90' lang='lat' dir='ltr'>Zeile</span> <span class='ocrx_word' id='word_1_305' title='bbox 1226 4422 1230 4488; x_wconf 88' lang='grc' dir='ltr'>Ι</span> <span class='ocrx_word' id='word_1_306' title='bbox 1247 4421 1280 4476; x_wconf 73' lang='lat'>17</span> <span class='ocrx_word' id='word_1_307' title='bbox 1298 4421 1363 4475; x_wconf 89' lang='lat' dir='ltr'>Cod.</span> <span class='ocrx_word' id='word_1_308' title='bbox 1382 4424 1496 4491; x_wconf 85' lang='lat' dir='ltr'>paramt.</span> 
     </span>
     <span class='ocr_line' id='line_1_34' title="bbox 195 4502 1497 4574; baseline 0.004 -19"><span class='ocrx_word' id='word_1_309' title='bbox 195 4502 248 4556; x_wconf 86' lang='lat' dir='ltr'>Der</span> <span class='ocrx_word' id='word_1_310' title='bbox 270 4520 310 4571; x_wconf 78' lang='lat' dir='ltr'>gr.</span> <span class='ocrx_word' id='word_1_311' title='bbox 329 4503 359 4561; x_wconf 87' lang='lat' dir='ltr'>T.</span> <span class='ocrx_word' id='word_1_312' title='bbox 377 4504 532 4571; x_wconf 82' lang='grc' dir='ltr'><em>ποιήσεται.</em></span> <span class='ocrx_word' id='word_1_313' title='bbox 567 4503 652 4558; x_wconf 89' lang='lat' dir='ltr'>Wohl</span> <span class='ocrx_word' id='word_1_314' title='bbox 676 4522 727 4558; x_wconf 89' lang='lat' dir='ltr'>nur</span> <span class='ocrx_word' id='word_1_315' title='bbox 749 4505 793 4558; x_wconf 89' lang='lat' dir='ltr'>die</span> <span class='ocrx_word' id='word_1_316' title='bbox 814 4505 955 4560; x_wconf 85' lang='lat' dir='ltr'>bekannte</span> <span class='ocrx_word' id='word_1_317' title='bbox 977 4505 1188 4574; x_wconf 82' lang='lat' dir='ltr'>Vertauschung</span> <span class='ocrx_word' id='word_1_318' title='bbox 1210 4521 1264 4558; x_wconf 89' lang='lat' dir='ltr'>von</span> <span class='ocrx_word' id='word_1_319' title='bbox 1289 4505 1337 4560; x_wconf 78' lang='lat' dir='ltr'>»b«</span> <span class='ocrx_word' id='word_1_320' title='bbox 1362 4506 1414 4560; x_wconf 91' lang='lat' dir='ltr'>mit</span> <span class='ocrx_word' id='word_1_321' title='bbox 1435 4505 1497 4560; x_wconf 90' lang='lat' dir='ltr'>dem</span> 
     </span>
     <span class='ocr_line' id='line_1_35' title="bbox 194 4586 1498 4659; baseline 0.005 -21"><span class='ocrx_word' id='word_1_322' title='bbox 194 4586 444 4641; x_wconf 85' lang='lat' dir='ltr'>konsonantischen</span> <span class='ocrx_word' id='word_1_323' title='bbox 465 4605 511 4639; x_wconf 76' lang='lat' dir='ltr'>»a«</span> <span class='ocrx_word' id='word_1_324' title='bbox 529 4588 533 4655; x_wconf 94' lang='grc' dir='ltr'>Ι</span> <span class='ocrx_word' id='word_1_325' title='bbox 550 4588 590 4642; x_wconf 72' lang='lat'>20</span> <span class='ocrx_word' id='word_1_326' title='bbox 610 4587 688 4642; x_wconf 66' lang='lat' dir='ltr'>»Est«</span> <span class='ocrx_word' id='word_1_327' title='bbox 702 4589 739 4642; x_wconf 88' lang='lat' dir='ltr'>ist</span> <span class='ocrx_word' id='word_1_328' title='bbox 755 4589 793 4642; x_wconf 92' lang='lat' dir='ltr'>im</span> <span class='ocrx_word' id='word_1_329' title='bbox 806 4589 871 4643; x_wconf 81' lang='lat' dir='ltr'>eod.</span> <span class='ocrx_word' id='word_1_330' title='bbox 885 4589 1061 4659; x_wconf 78' lang='lat' dir='ltr'>ausgeiallen.</span> <span class='ocrx_word' id='word_1_331' title='bbox 1092 4587 1295 4658; x_wconf 76' lang='lat' dir='ltr'>lt.vu1g.»qui</span> <span class='ocrx_word' id='word_1_332' title='bbox 1313 4589 1353 4644; x_wconf 89' lang='lat' dir='ltr'>sic</span> <span class='ocrx_word' id='word_1_333' title='bbox 1371 4592 1498 4659; x_wconf 82' lang='lat' dir='ltr'>operatus</span> 
     </span>
     <span class='ocr_line' id='line_1_36' title="bbox 195 4671 871 4743; baseline 0.009 -19"><span class='ocrx_word' id='word_1_334' title='bbox 195 4673 249 4724; x_wconf 75' lang='lat' dir='ltr'>est«</span> <span class='ocrx_word' id='word_1_335' title='bbox 267 4673 271 4738; x_wconf 94' lang='grc'><strong>1</strong></span> <span class='ocrx_word' id='word_1_336' title='bbox 288 4671 328 4726; x_wconf 76' lang='grc'>80</span> <span class='ocrx_word' id='word_1_337' title='bbox 345 4671 411 4727; x_wconf 84' lang='lat' dir='ltr'>God.</span> <span class='ocrx_word' id='word_1_338' title='bbox 429 4675 544 4726; x_wconf 88' lang='lat' dir='ltr'>mettere</span> <span class='ocrx_word' id='word_1_339' title='bbox 562 4671 613 4726; x_wconf 93' lang='lat' dir='ltr'>mit</span> <span class='ocrx_word' id='word_1_340' title='bbox 630 4673 801 4743; x_wconf 82' lang='lat' dir='ltr'>iibergeschr.</span> <span class='ocrx_word' id='word_1_341' title='bbox 822 4675 871 4730; x_wconf 75' lang='lat' dir='ltr'>»i«.</span> 
     </span>
    </p>

    <p class='ocr_par' dir='ltr' id='par_1_15' title="bbox 1253 4759 1289 4812">
     <span class='ocr_line' id='line_1_37' title="bbox 1253 4759 1289 4812; baseline 0 -20"><span class='ocrx_word' id='word_1_342' title='bbox 1253 4759 1289 4812; x_wconf 76' lang='lat'>5*</span> 
     </span>
    </p>
   </div>
   <div class='ocr_carea' id='block_1_4' title="bbox 0 0 1876 5524">
    <p class='ocr_par' dir='ltr' id='par_1_16' title="bbox 0 0 1876 5524">
     <span class='ocr_line' id='line_1_38' title="bbox 0 0 1876 5524; baseline 0 0"><span class='ocrx_word' id='word_1_343' title='bbox 0 0 1876 5524; x_wconf 95' lang='lat' dir='ltr'> </span> 
     </span>
    </p>
   </div>
  </div>
 </body>
</html>
