3708 5528
355 488 394 550 30
892 478 1082 534 Adamantius.
1262 475 1348 532 De'la
1364 478 1423 532 Rue
1440 479 1452 530 1
1469 477 1655 534 8130-8140,

355 649 496 712 τοιαῦτα
511 645 652 728 ἐγένετο,
675 638 772 725 ὅπως
792 641 837 732 μὴ
856 639 975 728 ἐπιδύη
998 637 1017 713 ῦ
1038 637 1135 730 ἥλιος
1155 647 1211 713 ἐπὶ
1233 649 1283 732 τῷ
1306 648 1532 732 παροργισμῷ.
1568 637 1655 712 άλλίι

354 740 421 832 μὴν
446 747 501 812 καί
528 736 547 812 0‘
569 738 749 830 προφήτης
773 739 927 829 κηρύσσει
949 738 1158 827 ἀναφανδόν·
1188 740 1237 831 μὴ
1263 760 1543 832 μνησικακεῖτε
1571 741 1655 811 ἕκα-

355 865 448 923 στος
477 839 575 926 πρὸς
599 837 671 912 τὸν
697 847 871 929 πλησίον
898 839 1021 912 αύτοῦ
1047 845 1089 912 ἐν
1115 860 1201 924 ταῖς
1226 847 1407 930 καρδίαις
1432 839 1550 929 ύμεῦν.
1592 837 1654 911 οῦδι

290 989 301 1012 ι
354 945 484 1028 πέφηνε
507 947 624 1010 τοίνυν
649 948 705 1012 καί
727 945 764 1012 ἐν
787 937 882 1031 νόμῳ
903 948 960 1012 καὶ
981 945 1019 1011 ἐν
1040 937 1220 1030 εύαγγελίῳ
1243 941 1327 1011 εἶναι
1348 937 1401 1011 τό·
1433 936 1451 1011 ὁ
1473 937 1587 1031 ἥλιος
1607 937 1658 1029 μὴ

321 1042 550 1109 οέπιδυέτω
572 1043 636 1110 ἐπὶ
659 1047 715 1130 τῷ
738 1045 996 1128 παροργισμῷ
1018 1037 1135 1130 ῦμαῦν.

438 1145 541 1206 ΜΕΓ
579 1135 662 1210 Ούδὲ
684 1143 869 1261 γέγραπται
891 1145 994 1210 τοῦτο
1017 1144 1054 1211 ἐν
1076 1147 1127 1230 τῷ
1148 1136 1242 1229 νόμῳ
1264 1147 1339 1226 περὶ
1361 1146 1424 1210 τοῦ
1444 1138 1488 1228 μὴ
1511 1137 1658 1212 ἐπιδύειι

319 1233 418 1308 στὸν
440 1233 550 1324 ἥ·λιον
574 1247 607 1309 τί
629 1238 716 1310 άλλα
738 1221 812 1310 ἀντ’
836 1238 952 1310 ἄλλων
975 1247 1094 1328 λέγεις,·

439 1343 560 1407 ΕῩΓΡ.
602 1337 726 1409 Βούλει
746 1335 854 1427 μόνον
876 1349 1081 1426 φιλονεικεῖν
1101 1336 1234 1423 άδίκιος,
1263 1345 1417 1458 Μεγέθιε
1448 1333 1582 1428 εῦρηται
1602 1344 1658 1409 καὶ

357 1439 442 1555 ἔργῳ
463 1443 518 1506 καὶ
540 1447 746 1528 παραγγελία
773 1446 993 1528 γεγενημένον
1018 1444 1056 1509 ἐν
1077 1469 1127 1530 τῳ
1151 1435 1259 1528 νόμῳ·
1291 1437 1332 1509 τὸ
1356 1436 1417 1526 γὰρ
1438 1449 1657 1528 παραγγεῖλαι

307 1552 339 1606 10
357 1534 419 1607 τὸν
433 1532 619 1624 προφήτην
633 1535 678 1625 μὴ
699 1558 915 1628 μνησικακεῖν
937 1536 978 1610 ού
1001 1546 1094 1610 δοκεῖ
1114 1561 1166 1610 σοι
1182 1534 1416 1625 ἀκριβέστερον
1438 1532 1575 1622 εἰναι,·
1557 1567 1576 1608 ο
1597 1543 1661 1625 μὲν

357 1627 419 1705 οῦν
436 1634 635 1721 Χριστὸς
603 1633 668 1705 κάν
689 1643 767 1723 μιᾶς
788 1633 911 1726 ἡμέρας
932 1645 1144 1727 προθεσμίαν
1166 1642 1216 1726 τῷ
1239 1643 1456 1726 παροργισμῷ
1479 1631 1657 1720 ἔδωκεν,
1639 1665 1660 1706 ο

358 1739 393 1804 δὲ
414 1731 594 1822 προφήτης
616 1728 728 1805 οὐδ’ο
710 1743 798 1817 ολιος
818 1745 1034 1858 μνησικακεῖν
1055 1707 1249 1828 προσίτάξε.

442 1839 546 1902 ΜΕΓ
584 1829 636 1916 Ὡς
659 1841 835 1980 φαίνεται,ι
847 1832 888 1906 οῦ
910 1836 1067 1926 δικαστης
1088 1839 1125 1920 εἰ,
1147 1833 1222 1908 ἀλλ’
1245 1832 1422 1917 άντίδικος.

309 2048 341 2100 15
360 2030 422 2120 γάρ
444 2027 625 2102 άντιδικεῖν
648 2051 719 2115 τοῖς
741 1963 963 2156 ηιευδηγόροις
976 2043 1114 2122 πέφυκε.
1150 2043 1206 2106 καὶ
1226 2033 1288 2124 γάρ
1311 2031 1480 2123 ἀήττητος
1501 2040 1556 2104 καὶ
1576 2029 1663 2104 άθά-

361 2160 463 2212 νατος
484 2127 623 2222 ύπάρχει
646 2161 666 2221 η
688 2127 840 2222 άλήθεια,
863 2132 1034 2225 βλάστημα
1056 2142 1118 2206 τοῦ
1139 2131 1271 2224 άγαθοῦ
1292 2139 1377 2205 θεοῦ
1399 2125 1489 2205 οῦσα.

327 2263 343 2300 ε
443 2237 562 2300 ml).
607 2235 646 2302 02
671 2228 840 2323 παρόντες
866 2230 1028 2319 άκροαταὶ
1059 2239 1249 2323 λεγέτωσαν
1280 2237 1308 2305 εί
1338 2233 1430 2320 παρὰ
1460 2230 1501 2304 τὸ
1531 2238 1664 2304 δίκαιον

360 2325 597 2418 ἀπεφηνάμην·
618 2330 752 2422 καὶγὰρ
774 2329 877 2414 αύτὸς
891 2328 1017 2423 Ἕλλην
1038 2326 1089 2404 άιν
1102 2332 1264 2422 βούλομαι
1281 2330 1485 2424 Χριστιανὸς
1505 2337 1662 2420 γενέσθαι

358 2459 376 2493 ν
399 2459 417 2493 ν
441 2459 459 2493 ν
484 2459 503 2494 ι
527 2428 656 2520 άνάγκη
678 2425 740 2504 οῦν
761 2462 780 2496 ι
803 2462 822 2496 ι
844 2463 863 2498 ε
886 2463 905 2498 ε
930 2431 970 2505 τὸ
994 2429 1151 2520 κρεῖττόν
1172 2463 1210 2522 με
1232 2431 1442 2522 αίρὴσασθαι.

310 2545 344 2600 20
443 2539 546 2600 ΜΕΓ.
587 2539 690 2616 Δείξοο
711 2527 767 2604 ὅτι
788 2529 996 2622 ἡναντίοιται
1018 2529 1059 2603 τὸ
1082 2528 1276 2620 εὐαγγέλιον
1298 2539 1348 2622 τῷ
1373 2529 1475 2621 νύμφ.

444 2638 564 2700 ΕΡΓΡ.
611 2629 654 2702 Τὸ
680 2628 915 2722 ἠναντιῶσθαι
942 2630 1004 2706 οῦκ
1029 2628 1093 2720 ἤδη
1121 2631 1180 2703 δύο
1207 2631 1309 2716 θεούς
1336 2640 1493 2704 δείκνυσι·
1522 2639 1578 2702 καί
1600 2628 1665 2718 γάρ

362 2726 578 2819 ιῦμολύγηται
599 2728 666 2802 ύπὸ
684 2737 745 2804 σοῦ
761 2727 816 2804 ὅτι
834 2732 881 2814 είς
903 2724 946 2820 ἦν
968 2727 1123 2820 ύλέγαιν·
1147 2728 1323 2818 φόνευσον,
1339 2739 1406 2802 καί·
1427 2730 1473 2820 μὴ
1489 2729 1663 2817 φονεύσῃς.

444 2838 547 2900 ΜΕΓ.
588 2827 640 2900 Ἐκ
670 2831 796 2903 τούτου
827 2838 994 2902 δείκνυται
1025 2828 1069 2920 μὴ
1100 2823 1152 2902 ὢν
1178 2827 1307 2920 ἀγαθὸς
1334 2826 1353 2902 ύ
1383 2831 1583 2920 δημιουργὸς
1609 2823 1665 2900 ὅτι

362 2931 472 3021 ἑαυτῷ
495 2935 717 3002 ἐναντιοῦται.

311 3039 345 3094 25
444 3037 512 3101 ΑΔ.
549 3035 589 3100 Ec
611 3029 665 3101 διὰ
687 3027 727 3100 τὸ
750 3026 936 3117 διαφόρους
958 3026 1079 3117 νόμους
1094 3027 1200 3101 αὐτὸν
1223 3035 1411 3101 τεθεικέναι
1432 3037 1538 3118 λε’γεις
1559 3027 1667 3102 αύτὸν

361 3129 406 3218 μὴ
428 3131 512 3200 εῖναι
533 3125 677 3217 άγαθάν,
700 3128 801 3201 άκουε
824 3137 898 3214 [ἴσος
915 3132 967 3214 δν]
992 3123 1046 3200 ὅτι
1066 3138 1122 3200 καὶ
1144 3125 1162 3200 ὁ
1184 3131 1329 3216 Χριστὸς
1351 3127 1451 3202 οῦδὲν
1473 3127 1664 3201 διαλλάττει

362 3226 476 3312 αύτοῦ,
500 3225 572 3300 ἀλλ’
595 3231 676 3312 ἴσως
699 3235 761 3300 τοῦ
776 3235 979 3318 δημιουργοῦ
999 3237 1055 3300 καί
1077 3226 1180 3311 αῦτὸς
1202 3226 1348 3319 διάφορα
1364 3243 1555 3318 νομοθετεῖ·
1578 3236 1667 3318 λέγει

289 3338 340 3392 814
363 3323 437 3416 γάρ·
469 3324 645 3414 άγαπῦιτε
674 3328 766 3410 τοῦς
791 3327 961 3416 ἐχθρούς
987 3326 1109 3416 ύμιῦν,
1140 3335 1195 3400 καὶ
1217 3327 1301 3419 μετὰ
1325 3337 1330 3416 Ι
1354 3337 1462 3399 ταῦτα
1483 3335 1572 3417 λέγει
1593 3347 1666 3408 τοῖς

362 3431 496 3514 ἐχθροῖς
524 3433 583 3514 τῆς
608 3435 768 3509 πίστεονς·
798 3427 1019 3516 πορεύεσθε
1051 3435 1106 3511 εἰς
1132 3427 1177 3500 τὸ
1211 3426 1355 3512 σκότος
1380 3429 1426 3500 τὸ
1457 3428 1657 3515 ἐξώτερον

448 3628 504 3698 213]
523 3628 747 3685 Ζσσίι.7;19.-
766 3631 814 3700 28]
835 3631 980 3698 Μίκῦε44,
1003 3632 1089 3688 1166:
1101 3635 1193 3687 27.-
1213 3632 1329 3700 mm.
1342 3632 1424 3698 8:,12
1449 3632 1494 3685 22:
1509 3632 1548 3696 13,
1566 3631 1611 3684 25ι
1624 3631 1668 3686 30

449 3797 465 3851 l
485 3792 597 3866 ἐγένετο
610 3795 664 3858 ΡΗ,
682 3793 790 3865 ἐγίνετο
804 3797 829 3853 δ.
842 3799 909 3862 ssbr„
928 3798 988 3851 Rus.
1003 3798 1131 3866 »fiebant«
1149 3802 1153 3866 Ι
1169 3793 1451 3866 ὅπως1πῶςΑΒῑΒΕ
1467 3797 1471 3866 ί
1487 3796 1574 3864 2μὴν
1586 3795 1667 3860 ΑΓΗ,

361 3881 414 3949 μὲν
432 3880 458 3934 δ.
475 3880 534 3934 fibr.
558 3883 562 3949 Ι
586 3882 605 3934 4
623 3879 638 3935 6
657 3879 735 3950 ἥλιος
752 3882 855 3947 ΑΒΓΗ,
874 3879 890 3936 6
909 3893 942 3941 <
959 3881 985 3937 d.
1003 3883 1063 3937 θυι.
1087 3887 1091 3945 Ι
1114 3883 1131 3937 8
1149 3888 1304 3950 φιλονικεῖν
1321 3883 1357 3937 B¹
1376 3885 1380 3949 Ι
1405 3883 1441 3937 ll
1463 3879 1479 3935 6
1497 3881 1526 3936 δὲ
1545 3877 1561 3934 6
1578 3899 1665 3952 προφ.

362 3966 544 4032 hommatsoh,
562 3965 636 4021 wohl
654 3983 702 4020 aus
722 3967 859 4021 Versehen
879 3969 883 4032 Ι
906 3966 944 4022 12
962 3967 1020 4020 Das
1038 3967 1208 4037 unbedingte
1226 3967 1383 4036 Verlungen
1404 3966 1451 4020 dos
1469 3965 1553 4032 Ἑστία,
1576 3965 1667 4018 Christ

363 4069 397 4104 zu
413 4051 536 4118 werden,
558 4054 633 4122 passt
649 4051 710 4105 hier
727 4050 817 4112 nicht;
839 4069 867 4105 ει
884 4053 992 4106 Ιιοιυιοί
1010 4051 1064 4106 viel
1082 4071 1115 4106 zu
1132 4051 1194 4104 friih
1216 4051 1272 4105 und
1289 4053 1339 4106 hat
1356 4052 1430 4105 aeine
1447 4051 1565 4120 richtige
1581 4049 1667 4104 salle

363 4138 419 4188 eret
434 4137 515 4192 8336
544 4135 620 4192 Ευίι.
639 4136 721 4191 sollte
738 4154 830 4205 sagon,
849 4135 911 4189 dass
930 4153 959 4189 er
971 4135 1156 4206 unparteiisch
1174 4137 1232 4191 sein
1249 4136 1315 4203 will,
1334 4138 1398 4205 sagt
1409 4135 1546 4190 abarhier
1563 4133 1664 4205 gerulo

363 4219 412 4273 das
431 4220 584 4290 Gegenteil.
613 4220 686 4274 Stant
704 4217 813 4289 ἀνάγκη
833 4213 884 4275 οῦν
901 4222 1028 4275 erwartet
1044 4237 1109 4274 man
1121 4221 1192 4274 nach
1204 4221 1266 4274 dem
1279 4220 1521 4286 vorangehenden:
1540 4216 1583 4274 ἂν.
1601 4216 1667 4290 γὰρ.

363 4303 399 4358 Es
416 4304 523 4359 kommt
539 4305 593 4358 mir
609 4304 867 4358 wahrseheinlioher
886 4323 944 4368 vor,
967 4304 1030 4358 dass
1048 4297 1098 4360 οὖν
1116 4305 1219 4373 τίσίιιίφ
1234 4305 1272 4358 ist
1288 4305 1345 4359 und
1363 4305 1425 4358 dass
1442 4305 1514 4358 nach
1531 4301 1666 4374 γενέσθαι

362 4389 419 4442 und
437 4381 487 4444 οῦν
506 4407 568 4445 vom
589 4389 702 4444 Abnehr.
721 4389 818 4444 Worte
836 4387 1012 4457 ausgelassen
1029 4389 1141 4443 worden
1159 4389 1227 4443 sind.
1257 4389 1320 4458 Vgl.
1338 4389 1399 4443 Rus.
1416 4397 1419 4442 Ι
1436 4388 1475 4444 12
1493 4385 1665 4460 αἱρήσασθαι

363 4473 433 4528 ABG
445 4493 478 4528 w.
491 4491 514 4528 σ.
526 4475 591 4540 ουλε,
609 4474 642 4539 Η,
660 4469 829 4542 αίρήσεοθαι
841 4473 866 4528 d.
879 4474 939 4527 θοι.
955 4475 959 4539 l
976 4474 1014 4528 22
1033 4472 1180 4542 φονεύσεις
1192 4475 1226 4527 Βι
1241 4477 1245 4537 Ι
1261 4475 1298 4529 25
1315 4473 1466 4542 τεθηκέναι
1483 4474 1517 4528 B¹
1533 4475 1537 4537 Ι
1553 4471 1592 4528 26
1605 4467 1667 4536 ίσος

363 4553 404 4612 ὢν
422 4568 455 4616 <
467 4559 514 4612 FH
532 4559 596 4614 Pie..
615 4551 664 4612 οῦν
683 4553 744 4622 ίσος
760 4552 802 4612 ὢν
820 4558 848 4620 C,
868 4551 918 4613 οῦν
935 4563 968 4624 Α,
986 4559 1038 4612 mit
1050 4559 1178 4612 Punkten
1195 4563 1276 4612 σάλοι
1293 4558 1345 4612 den
1363 4559 1474 4613 Buohst.
1490 4559 1494 4623 Ι
1510 4556 1544 4612 22
1564 4553 1667 4622 ίσιοςΑ

364 4644 402 4710 [in
418 4661 474 4713 mg.
493 4639 554 4707 ἴσος
571 4636 622 4710 ὢν)
641 4641 718 4705 CDE,
738 4637 798 4706 ίοος
817 4635 859 4696 ὢν
877 4641 973 4706 ΕΡὶα,
992 4637 1053 4708 ἴσος
1071 4642 1096 4695 d.
1114 4642 1173 4696 ssbr.
1191 4661 1217 4696 u.
1235 4642 1262 4695 d.
1281 4645 1384 4712 Ausgg.
1402 4641 1457 4712 vgl.
1475 4641 1536 4696 Rus.
