3744 5524
343 494 381 556 78
902 487 1090 542 Adamantius.
1238 487 1279 542 De
1296 486 1324 540 la
1341 487 1400 540 Rue
1417 487 1441 539 11
1460 486 1650 544 82rb—828b.

344 643 452 732 ὅπως
475 649 793 739 διαμαρτύρηται
821 647 958 733 αύτοῑς
980 649 1115 739 μήκαὶ
1143 647 1260 721 αὐτοὶ
1283 651 1460 720 ἔλθωσιν
1482 653 1536 732 τίς
1559 656 1650 719 τοῦ-

311 772 416 820 υτσν
438 746 510 818 τὸν
532 746 662 819 τόπον
684 755 753 838 τῆς
775 745 958 832 βασάνου.
994 755 1099 838 λέγει
1122 747 1242 840 αὐτῷ·
1265 752 1398 836 ἔχουσι
1420 756 1563 820 Μωσεά
1583 757 1648 819 καὶ

345 847 437 930 τούς
451 845 678 936 προφήτας,
694 844 982 920 ἀκουσάτωσαν
998 845 1139 920 αύτῶν.
1163 845 1237 921 δδὲ
1253 849 1375 919 εἶπεν·
1391 846 1491 936 ούχί,
1505 846 1646 934 πάτερ,

344 943 426 1019 ἀλλ’
458 944 526 1018 ίάν
556 976 618 1031 τις
648 952 689 1017 ἐκ
721 955 876 1036 νεκρῶν
905 957 1087 1037 πορευθῇ
1123 948 1222 1040 πρὸς
1259 945 1419 1030 αύτούς,
1454 945 1648 1038 μετανοή-

310 1056 488 1118 ὄσουσιν.
525 1040 543 1117 6
567 1053 606 1118 δὲ
629 1047 754 1118 είπεν·
777 1053 810 1118 εί
825 1055 998 1130 Μωσέως
1020 1055 1083 1118 καὶ
1099 1055 1183 1118 τῶν
1203 1055 1429 1136 προφητῶν
1444 1044 1516 1119 ούκ
1531 1043 1647 1137 ήκου-

345 1169 430 1248 σαν,
462 1142 589 1218 οὐδ’
569 1175 617 1216 αν
644 1175 703 1230 τις
726 1151 767 1218 έκ
795 1153 948 1235 νεκρῶν
973 1142 1130 1234 ἀπέλθῃ
1157 1144 1396 1219 ἀκούσουσιν
1423 1145 1554 1218 αὐτοῦ.
1597 1155 1650 1229 τίς

344 1239 406 1316 οὖν
428 1241 576 1329 ἀναστάς
598 1250 634 1315 ἐκ
658 1254 789 1335 νεκρῶν
811 1251 938 1334 ἐδίδαξε
964 1246 1067 1317 τάν
1030 1252 1067 1317 έν
1094 1276 1136 1335 τη
1121 1254 1262 1335 κρίσει
1284 1252 1312 1316 εί
1334 1245 1379 1336 μή
1401 1245 1505 1336 μόνος
1527 1241 1545 1318 6
1569 1253 1647 1334 Χρι-

344 1343 439 1465 στής;
461 1339 535 1416 ὅσοι
556 1337 619 1416 σύν
641 1342 703 1416 ούκ
725 1351 884 1432 ἐδέξαντο
907 1343 1076 1418 Μωσέα
1054 1376 1075 1435 η
1098 1346 1179 1430 τούς
1193 1343 1375 1436 προφήτας
1390 1343 1519 1418 ούδὲ
1484 1375 1548 1418 τον
1569 1343 1647 1417 ἀνα-

345 1441 474 1514 στάντα
497 1447 533 1515 έκ
556 1452 690 1534 νεκρῶν
712 1450 879 1532 ἐδέξαντο.

295 1559 327 1613 10
428 1551 502 1614 MK.
544 1540 597 1614 Ἑν
624 1552 675 1634 τῶ
704 1539 766 1636 ήδη
794 1547 887 1616 εἶπεν
914 1543 1061 1617 είναι
1025 1575 1089 1617 τον
1109 1542 1265 1635 Ἀβραάμ,
1293 1541 1355 1616 ούκ
1377 1549 1478 1633 ίντῇ
1499 1553 1648 1636 βασιλείᾳ

273 1651 324 1706 828
345 1649 419 1714 τῶν
441 1639 610 1730 ούρανῶν.

427 1749 493 1812 ΑΔ.
536 1739 727 1831 Ἀνάγνωθι
750 1737 805 1815 ὅτι
828 1740 890 1814 ούκ
912 1748 949 1814 ἐν
971 1751 1022 1833 τῷ
1045 1737 1108 1833 666
1126 1749 1131 1830 Ι
1151 1751 1239 1832 λέγει
1262 1742 1325 1815 τὸν
1346 1741 1495 1833 Ἁβραάμ.

353 1935 366 1959 „
428 1850 503 1912 MK.
545 1838 625 1914 Ἀπό
654 1849 716 1912 τοῦ
742 1854 933 1931 συνομιλεῖν
960 1840 1054 1932 αύτῷ
1078 1843 1142 1914 τὸν
1163 1843 1328 1915 πλούσιον
1350 1849 1540 1915 δείκνυνται
1563 1840 1649 1932 ὁμοῦ

346 1970 451 2024 οντες.

295 2057 326 2110 15
429 2047 495 2111 ΑΔ.
536 2039 577 2110 Τὸ
600 2035 729 2130 ὁμιλεῖν
749 2041 836 2130 πρδς
858 2038 1027 2132 ἀλλήλους
1048 2038 1206 2129 ήκουσας,
1230 2041 1271 2113 τὸ
1293 2040 1649 2132 δὲλεγόμενονχάσμα

345 2146 429 2228 μέγα
444 2137 506 2211 ούκ
520 2136 681 2229 ήκουσας;
703 2146 766 2211 τοῦ
781 2140 842 2228 γὰρ
858 2137 1005 2228 ούρανοῦ
1023 2150 1079 2212 καὶ
1101 2148 1161 2231 τῆς
1176 2148 1235 2230 γής
1252 2140 1292 2212 τὸ
1313 2148 1417 2231 μέσον
1430 2139 1539 2231 χάσμα
1554 2149 1648 2232 λεγει.

431 2248 505 2309 MK.
542 2238 688 2310 Δύναται
712 2232 774 2312 ούν
797 2269 848 2323 τις
862 2237 930 2311 ἀπὸ
954 2247 1014 2330 τής
1029 2247 1089 2330 γῆς
1105 2242 1168 2324 ἕως
1184 2239 1331 2330 ούρανοῦ
1346 2237 1446 2361 δρᾶν;
1467 2237 1648 2314 ἀδύνατον.

347 2336 473 2459 ἐπάρας
495 2339 574 2420 τούς
597 2334 798 2429 ὀφθαλμούς
821 2338 926 2411 ούτου
911 2346 1032 2412 ’ίδεῑν
1053 2339 1194 2411 δύναταί
1217 2370 1269 2424 τις
1291 2336 1359 2412 ἀπὸ
1382 2347 1450 2429 γῆς,
1474 2369 1494 2430 η
1517 2349 1649 2444 μάλλον

347 2433 416 2510 ἀπὸ
439 2467 502 2510 του
486 2431 607 2530 ’ᾅδου
628 2438 732 2521 είς
696 2469 759 2510 τον
781 2437 930 2527 ούρανόν
952 2436 1048 2528 δρᾶν·
1071 2445 1100 2510 εί
1120 2440 1165 2530 μὴ
1189 2438 1335 2528 δῆλον’
1316 2434 1371 2512 ὃτι
1394 2437 1563 2529 φάραγξ’
1549 2471 1649 2531 ην
1612 2447 1649 2512 ί

293 2561 327 2614 20
346 2544 435 2628 μέσῳ
459 2534 582 2609 αύτῶν.

430 2643 495 2708 ΑΔ.
534 2642 572 2709 Ol
593 2645 779 2728 σωματικαὶ
800 2635 975 2728 ὀφθαλμοὶ
996 2638 1038 2710 τά
1059 2643 1193 2728 ἔγγιστα
1213 2637 1322 2729 μόνον
1341 2639 1532 2726 πεφύκασιν
1554 2636 1647 2729 δρᾶν,

309 2749 327 2804 b
346 2741 379 2808 οἱ
394 2743 429 2808 δε
443 2744 578 2826 φυχικολ
593 2743 639 2822 είς
654 2746 760 2826 μῆκος
782 2735 1033 2819 άποτείνονται,
1055 2747 1111 2809 καὶ
1126 2745 1232 2829 δῆλον
1247 2731 1302 2809 ὅτι
1319 2739 1359 2810 τὸ
1376 2744 1472 2828 σῶμα
1487 2741 1650 2808 ἐντεῦθεν

347 2831 555 2926 ἀποθέμενοι
577 2856 649 2919 τοῖς
671 2844 732 2926 τῆς
753 2844 860 2926 φυχῆς
876 2831 1019 2928 ὄμμασιν
1041 2834 1168 2930 δρῶσιν
1189 2835 1366 2926 ἀλλήλους.
1402 2835 1565 2925 πρόσσχες
1587 2838 1649 2927 γὰρ

346 2943 421 3018 πῶς
449 2943 534 3023 λέγει
561 2935 602 3008 τὸ
626 2934 818 3027 εύαγγέλιον
846 2931 913 3008 ὅτι·
945 2936 1091 3028 ἐπάρας
1123 2939 1217 3020 τούς
1248 2933 1485 3025 ὀφθαλμούς
1516 2935 1648 3009 αὐτοῦ.

296 3049 329 3103 25
346 3068 364 3100 κ
387 3068 405 3100 ν
429 3068 447 3102 ε
470 3066 488 3100 κ
515 3045 560 3119 είς
582 3036 646 3109 τὸν
669 3033 817 3125 ούρανὸν
838 3045 988 3124 πέφυκεν
1009 3043 1158 3126 ἐπαίρειν
1179 3044 1235 3106 καὶ
1258 3033 1319 3109 ούκ
1342 3041 1387 3119 είς
1409 3037 1474 3126 τήν
1496 3044 1567 3127 γῆν.

431 3147 550 3208 ΕῩΤΡ.
585 3131 616 3204 Ὁ
640 3133 797 3224 Χριστός,
821 3133 869 3218 ῶς
891 3141 964 3224 ἐμοὶ
986 3144 1085 3220 δοκεῖ,
1109 3133 1277 3207 διδάσκων
1299 3135 1363 3226 τήν
1385 3135 1555 3225 διαφοράν
1577 3146 1650 3209 τῶν

348 3246 489 3310 δικαίων
514 3243 569 3306 καὶ
597 3244 670 3306 τῶν
693 3232 834 3318 ἀδίκων,
866 3240 1017 3305 ἐνταῦθα
1042 3233 1246 3307 ἀποτίθεται
1271 3234 1334 3306 τὸν
1355 3243 1487 3325 πένητα
1508 3235 1651 3308 καὶτὸν

346 3337 519 3408 πλούσιον.
556 3344 590 3406 τί
611 3335 673 3424 γὰρ
696 3334 816 3424 ἕτερον
838 3338 931 3406 ἔσται
954 3331 974 3424 6
996 3344 1143 3420 βασιλεία
1167 3343 1240 3405 τῶν
1262 3332 1420 3423 ούρανῶν
1443 3332 1465 3425 6
1488 3335 1649 3425 δηλονότι

347 3433 496 3526 άγαθόν;
526 3431 547 3523 6
575 3442 608 3504 τί
637 3437 754 3524 ἕτερον
781 3437 873 3504 ἔσται
899 3431 920 3524 6
947 3443 1065 3524 γεέννα
1090 3444 1145 3506 καὶ
1173 3432 1193 3524 6
1220 3441 1384 3525 καταδίκη
1408 3441 1437 3506 εί
1461 3435 1506 3524 μή
1528 3433 1650 3519 κακὸν;

430 3723 448 3777 4
464 3723 678 3790 μετανοήσωσιν
696 3723 721 3774 d.
734 3721 805 3778 Hss.
821 3725 825 3791 Ι
839 3723 857 3778 θ
874 3719 910 3778 άν
929 3743 970 3788 τις
981 3722 1008 3776 d.
1020 3721 1091 3776 HSS.
1106 3722 1111 3789 Ι
1126 3718 1269 3776 ἀκούσωσι
1281 3722 1306 3774 d.
1320 3721 1389 3774 HSS.
1405 3723 1410 3788 Ι
1428 3722 1466 3778 ln
1485 3723 1561 3792 MK]
1575 3723 1650 3777 Eutr.

347 3807 402 3862 Pie.
418 3811 422 3875 l
439 3808 475 3862 17
495 3812 544 3875 τῆς
555 3818 586 3865 <
600 3806 650 3860 ΔΗ
665 3807 669 3872 l
687 3807 798 3862 17-20
815 3807 894 3862 Diese
906 3806 1132 3876 Beweinfflhmng
1143 3807 1267 3860 verstehe
1279 3805 1324 3859 ich
1336 3805 1420 3860 nicht.
1451 3807 1544 3861 Rufius
1557 3797 1650 3861 Ubere.

349 3893 423 3946 »nissi
438 3893 506 3959 forie
518 3891 665 3945 -υιαίίοι
690 3892 769 3962 giebt
787 3893 979 3962 ebennowenig
1001 3892 1082 3947 einen
1103 3893 1189 3960 guten
1207 3890 1286 3954 Sinn;
1313 3891 1411 3960 gewiss
1428 3891 1532 3945 warin
1550 3891 1650 3945 τούτου]

347 3997 386 4048 gr.
404 3976 553 4047 Exemplar
570 3977 618 4031 der
634 3977 706 4032 Text
723 3979 809 4032 sehon
827 3977 987 4032 verdorben.
1017 3977 1083 4030 Man
1101 3974 1204 4030 konnto
1222 3975 1282 4030 eine
1299 3975 1586 4046 Wiederherstellung
1604 3975 1652 4030 des

346 4063 444 4117 Textes
461 4062 620 4128 versuohen,
639 4062 959 4131 etwafolgenderweise:
979 4059 1103 4116 Δύναται
1121 4053 1171 4116 οὖν
1188 4080 1230 4124 τις
1248 4058 1305 4116 ἀπὸ
1318 4067 1367 4128 τῆς
1385 4067 1436 4130 γῆς
1454 4056 1508 4125 ἕως
1527 4058 1652 4132 οὐρανοῦ

347 4145 431 4220 δρᾶν;
459 4144 606 4203 ἀδίυατον.
641 4144 774 4218 ἐπάρας
795 4145 874 4211 τοὺς
896 4144 1101 4216 ὀφθαλμοὺς
1123 4140 1343 4200 αὐτοῦεῖδεν.
1380 4143 1459 4214 τίμὴ
1478 4143 1595 4200 δύναταί
1611 4164 1652 4210 τις

347 4230 404 4288 ἀπὸ
422 4230 508 4303 γῆςῆ
529 4237 640 4300 μᾶλλον
663 4229 720 4288 ἀπὸ
743 4239 795 4288 τοῦ
815 4224 884 4307 ᾅδου
902 4230 943 4297 είς
959 4231 1010 4286 τὸν
1029 4229 1152 4302 οὐρανὸν
1170 4227 1250 4300 δρᾶν,
1273 4232 1358 4297 δῆλον
1376 4225 1420 4284 ὅτι
1439 4228 1553 4300 φάραγξ
1570 4227 1604 4298 ἦν
1622 4227 1652 4284 έν

347 4316 424 4390 μέσῳ
443 4316 544 4372 αὐτῶν.
573 4317 647 4370 Aber
664 4315 733 4370 alles
750 4316 838 4370 bleibt
855 4316 999 4386 ungewiss,
1018 4316 1132 4386 solunge
1149 4315 1207 4369 sich
1225 4314 1302 4369 nicht
1319 4315 1428 4368 bessere
1444 4314 1515 4369 flss,
1534 4313 1627 4367 finden
1647 4314 1651 4381 Ι

252 4423 255 4429 ·
348 4404 387 4458 ‘23
405 4403 528 4474 πρόσγες
546 4402 571 4455 d.
590 4401 660 4455 Hss.
684 4403 688 4468 1
713 4401 799 4466 2625
817 4401 872 4454 Das
891 4401 970 4456 Verb.
989 4399 1113 4472 πέφυκεν
1131 4406 1206 4471 passt
1227 4398 1287 4453 hier
1304 4415 1338 4451 m.
1358 4397 1389 4452 Ε.
1409 4397 1487 4453 nieht
1504 4401 1562 4469 gut.
1597 4403 1653 4452 Aus

348 4487 396 4541 der
414 4486 618 4556 Vergleiohung
635 4485 686 4540 mit
703 4486 767 4540 dem
783 4487 832 4540 lat.
849 4484 935 4541 Τειίο
952 4487 1019 4556 geht
1036 4486 1141 4553 hervor,
1160 4486 1223 4540 dass
1240 4487 1325 4539 etwas
1344 4482 1516 4553 ausgefallen
1533 4483 1576 4537 ist„
1607 4481 1653 4534 Ich

347 4575 477 4632 vermube.
496 4571 557 4625 dass
578 4590 611 4624 zu
628 4571 703 4625 lesen
722 4571 773 4625 sei:
796 4569 871 4642 λέγει
889 4569 921 4626 τὸ
940 4570 978 4626 εὐ.
998 4567 1054 4626 ὅτι·
1078 4567 1208 4642 ἐπάρας
1225 4567 1304 4633 τοὺς
1323 4565 1399 4638 δφθ.
1421 4565 1534 4622 αὐτοῦ.
1570 4570 1653 4634 δῆλον

349 4651 391 4710 ὅτι
411 4653 426 4708 6
445 4653 553 4726 ἐπάρας
570 4654 636 4720 τούς
655 4653 721 4724 δφθ.
741 4653 828 4712 αἰτοῦ
847 4654 886 4720 είς
904 4655 954 4710 τὸν
973 4654 1097 4728 οὐρανὸν
1115 4653 1239 4725 πέφυκεν
1258 4651 1384 4723 ἐπαίρειν
1402 4647 1459 4707 κτὲ.
