3744 5524
212 514 325 585 Cuperi
343 515 381 567 111
399 529 422 569 o.
439 513 464 570 9.
483 515 523 570 10.
808 511 918 584 Dialog.
1462 521 1520 583 129

211 683 354 749 homines
384 681 467 748 filios
497 681 548 747 dei
578 681 662 746 dieii
704 680 789 746 Huie
819 700 894 766 ergo
929 681 985 765 qui
1019 682 1206 748 naturaliier
1237 684 1339 750 bonus
1376 685 1423 746 est
1457 704 1522 747 non

213 783 328 850 eooidii
348 782 476 861 medum,
495 784 551 848 sed
571 781 620 847 his
643 782 699 866 qui
719 781 877 865 positione
898 781 975 848 boni
996 784 1070 846 sunt
1089 803 1147 865 pro
1165 782 1287 848 arbitrii
1308 781 1462 849 libertate.

293 890 369 950 Mor.
391 888 431 950 d:
452 881 496 948 ut
516 880 662 947 diabolus
682 881 774 946 liberi
795 882 917 948 arbitrii
939 885 1007 947 esi?
1028 880 1149 958 Quodsi
1169 881 1262 948 liberi
1275 882 1398 948 arbitrii
1419 886 1468 948 est
1489 887 1520 947 ei

212 1005 287 1048 suae
307 981 474 1065 poiesietis
496 987 551 1063 esd,
574 981 641 1046 sine
663 983 759 1046 dubio
780 1004 799 1045 u
821 987 919 1047 semei
939 983 1009 1066 ipso
1031 986 1080 1046 est
1100 986 1132 1046 ei
1153 1003 1192 1046 ex
1213 1003 1280 1048 sese
1302 985 1390 1048 orius
1412 987 1466 1048 est.

176 1089 194 1142 o
294 1086 349 1146 Ad.
371 1087 410 1146 d:
432 1081 581 1167 Ignorere
602 1080 682 1146 mihi
701 1081 820 1147 uideris
842 1082 920 1165 quid
940 1082 1065 1148 intersit
1084 1081 1167 1146 inber
1191 1080 1313 1147 arbitrii
1335 1080 1384 1146 sui
1405 1082 1520 1147 hebere

211 1184 399 1265 potestatem
430 1185 461 1246 ei
490 1181 604 1246 hebere
633 1181 775 1248 omnium
804 1185 1001 1265 potestatem.
1043 1178 1128 1246 Nam
1158 1184 1347 1264 poiesdedem
1378 1181 1519 1248 omnium

211 1285 304 1347 deum
325 1281 440 1346 hebere
462 1281 595 1346 dicimus
616 1279 729 1346 solunu
771 1279 926 1347 Diabolus
950 1285 1056 1346 eutem
1081 1279 1202 1344 arbitrii
1228 1281 1278 1345 sui
1299 1279 1395 1346 hebed
1414 1285 1519 1364 podes·

210 1385 316 1458 isdem,
338 1381 421 1446 siout
442 1382 474 1447 et
494 1381 597 1446 homo.

293 1486 369 1546 Mor.
390 1485 430 1546 d:
452 1479 509 1544 Sui
523 1479 645 1545 arbitrii
665 1483 854 1563 potestatem
873 1479 951 1544 diois
973 1479 1088 1544 hebere
1103 1478 1265 1546 diabolum
1287 1483 1318 1544 ei
1338 1480 1518 1546 homiuem?

161 1582 195 1638 1⁰
294 1585 349 1645 Ad
370 1584 409 1645 d:
430 1577 550 1664 Utique
572 1584 604 1644 ei
625 1578 755 1663 angelos
771 1582 803 1643 et
816 1579 959 1644 homines
980 1580 1094 1644 hebere
1116 1577 1186 1645 dieo
1207 1578 1259 1644 sui
1273 1578 1394 1644 arbitrii
1414 1583 1518 1662 potes-

211 1685 308 1744 iatem
336 1683 368 1744 et
391 1679 437 1744 ibe
458 1679 558 1745 foetos
585 1699 653 1744 esse
677 1701 696 1743 e
720 1682 788 1744 deo.
830 1675 905 1742 Non
931 1695 1006 1762 ergo
1033 1678 1175 1744 omnium
1200 1680 1296 1744 hebet
1321 1682 1517 1762 potestatem,

212 1782 298 1864 quod
318 1779 414 1844 hebet
434 1781 520 1857 deus,
541 1779 597 1864 qui
619 1798 729 1863 greeee
751 1777 868 1844 dieitur
888 1777 1078 1858 autexusios,
1099 1777 1308 1861 peuiexusios

295 1902 319 1944 o.
341 1879 388 1947 X.
415 1884 492 1945 Mar.
512 1884 552 1944 d:
573 1878 692 1943 Dixisti
712 1877 834 1943 arbitrii
854 1876 1032 1942 libertatem
1053 1900 1072 1941 e
1093 1881 1152 1944 deo
1170 1881 1285 1958 dedum,
1305 1877 1425 1944 molum
1441 1899 1516 1944 uero

212 1981 250 2043 de
271 1977 393 2043 arbitrii
413 1975 558 2042 libertate
578 1978 732 2061 prooedit3
758 1976 933 2043 ostenditur
958 1995 1033 2060 ergo
1060 1999 1079 2041 e
1105 1979 1164 2044 deo
1191 1999 1258 2042 esse
1283 1976 1411 2044 medum.
1447 1976 1517 2042 Hoo

162 2086 195 2141 15
213 2081 318 2142 sutem
339 2077 390 2142 dio
410 2076 500 2144 mihi:
521 2076 607 2142 Deus
622 2077 788 2156 nesciebat,
809 2098 882 2142 oum
903 2079 992 2141 darei
1004 2075 1174 2162 unicuique
1195 2076 1317 2143 arbitrii
1331 2076 1517 2157 ubertatem,

214 2178 289 2261 quie
308 2175 452 2241 mutendi
474 2179 562 2241 eueni
582 2178 616 2241 in
636 2176 754 2242 melum
775 2176 829 2241 uel
849 2173 954 2258 augeli
975 2180 1136 2259 apostatae
1156 2175 1209 2242 uel
1230 2177 1393 2243 homines?

190 2291 193 2298 ⁴
295 2281 349 2341 Ad.
370 2281 410 2341 d:
436 2274 482 2342 Ut
510 2276 612 2352 uideo,
643 2276 738 2341 edium
767 2297 862 2358 supro
893 2277 986 2339 deum
1015 2297 1125 2359 supere
1154 2277 1212 2342 uis
1248 2282 1349 2354 [Redde]
1379 2297 1515 2359 namque

212 2381 314 2460 putes,
335 2375 465 2461 angelos
487 2379 519 2440 et
540 2375 682 2441 homiues
702 2374 850 2459 aequales
872 2377 930 2440 deo
953 2395 1020 2440 esse
1042 2375 1221 2442 debuisse..

294 2482 369 2542 Mor.
391 2481 431 2540 d:
453 2474 639 2551 Quomodo?

159 2579 194 2636 20
295 2580 351 2640 Ad
364 2580 403 2640 d:
426 2573 508 2652 Quia
529 2577 605 2638 deus
623 2569 829 2638 immutabilis
844 2578 899 2652 esi,
920 2573 1015 2638 homo
1031 2571 1200 2650 mutabilis,
1223 2576 1299 2637 deus
1319 2574 1515 2652 immortalis,

209 2676 305 2740 homo
323 2673 473 2739 mortalis.
508 2672 649 2757 imputes
665 2691 740 2757 ergo
758 2673 816 2738 deo
832 2694 929 2758 quere
942 2694 1007 2738 uon
1021 2673 1098 2738 feeit
1111 2672 1209 2738 elium
1224 2671 1338 2757 (siout)
1354 2673 1512 2757 seipsum.

293 2778 369 2839 Mar.
389 2777 430 2839 d:
450 2772 573 2850 Quare?

294 2879 349 2938 Ad
370 2877 409 2938 d:
440 2871 563 2938 Sinon
589 2872 712 2938 arbitrii
741 2871 791 2937 sui
818 2871 948 2936 heberet
976 2870 1153 2938 libertatem
1177 2873 1281 2950 homo,
1310 2871 1516 2938 immutabilis

213 2977 291 3050 erui3
321 2974 407 3056 quod
433 2976 539 3037 eudem
567 2969 763 3038 immuiubile
793 2975 825 3036 et
848 2969 1026 3037 immoriele
1056 2974 1132 3038 deus
1159 2976 1214 3038 esi
1255 2970 1299 3038 Et
1323 2993 1389 3038 non
1414 2970 1517 3037 solum

161 3075 196 3131 25
214 3071 287 3150 hoe,
317 3075 373 3137 sed
399 3075 430 3135 et
456 3093 564 3137 omnes
595 3093 676 3155 ques
702 3071 735 3136 in
761 3074 820 3138 deo
851 3074 925 3136 sunt
953 3070 1086 3136 uirtutes
1112 3072 1192 3138 reiio
1219 3071 1280 3136 iste
1310 3092 1405 3156 quum
1430 3070 1518 3150 diois,

213 3171 372 3237 interimis
402 3169 546 3237 Dicimus
561 3171 678 3255 quippe
701 3174 794 3236 deum
813 3172 932 3236 bonum
947 3192 1021 3248 esse,
1042 3170 1284 3250 miseridordem‚
1305 3172 1400 3255 pium.
1429 3169 1518 3235 Heeo

215 3271 320 3335 omnio
340 3269 465 3335 nullum
486 3292 566 3354 opus
587 3271 757 3351 habebunt,
777 3272 811 3337 ni
832 3272 928 3337 homo
950 3271 992 3335 sii
1012 3269 1104 3336 liberi
1124 3270 1253 3336 arbitrii.

305 4010 342 4066 11
361 4009 456 4080 hebed]
477 4008 590 4079 Cespuri
612 4007 755 4064 »hebent«.
790 4006 871 4064 Diese
889 4007 1034 4078 Couieeiur
1055 4006 1164 4064 soheini
1183 4007 1236 4062 mir
1253 4006 1378 4078 unnotig.
1413 4007 1449 4063 Es
1466 4025 1525 4064 wer

219 4093 263 4150 die
285 4094 373 4164 Fruge
398 4095 434 4150 ob
457 4093 505 4148 der
526 4091 621 4150 Teuiel
644 4093 716 4148 eueh
739 4091 942 4159 παντεξούσιος
967 4097 1048 4148 were.
1083 4091 1136 4148 Ad
1158 4091 1285 4148 suhliesei
1310 4091 1386 4147 seine
1408 4092 1523 4148 Beweis·

219 4178 340 4248 fuumng
351 4178 414 4234 mit:
426 4177 489 4234 Nou
502 4195 568 4249 ergo
580 4178 705 4234 omnium
713 4177 799 4233 hebet
807 4179 973 4248 potestatem
982 4194 1018 4232 so.
1028 4175 1162 4233 diabolus.
1174 4177 1239 4232 -B
1254 4178 1258 4244 1
1274 4176 1340 4232 Cod.
1349 4176 1524 4242 automedon,

219 4262 404 4334 puniemini,
428 4264 480 4320 mii
497 4263 589 4320 einem
606 4262 697 4318 Stuioh
714 4261 832 4318 derflber
855 4263 860 4330 Ι
884 4262 921 4317 11
941 4261 1006 4320 God.
1023 4261 1108 4316 Redde
1125 4277 1252 4329 nemque.
1287 4259 1399 4332 Gespuri
1417 4260 1526 4332 sohldgt

219 4364 270 4403 vor
286 4349 355 4403 stedi
373 4365 521 4417 ›nemque‹
541 4347 608 4415 „dus
625 4345 763 4404 ironisehe
782 4363 909 4418 ›nempe‹
929 4364 964 4400 zu
981 4347 1098 4404 seduen“.
1126 4345 1164 4399 M.
1182 4344 1213 4400 Ε.
1230 4343 1301 4415 liegi
1318 4344 1367 4399 der
1382 4343 1480 4401 Fehler
1496 4345 1526 4400 in

223 4433 336 4488 »reete«.
358 4431 452 4488 Dieses
463 4431 546 4488 Wori
556 4431 594 4486 isi
606 4430 698 4486 niohts
710 4431 751 4486 uls
765 4430 827 4487 eine
837 4429 1104 4501 Beifullsdusseruug
1115 4429 1190 4486 eines
1201 4430 1304 4492 besem,
1323 4427 1368 4485 die
1379 4435 1525 4502 ursprflng-

220 4514 276 4570 liuh
299 4533 344 4572 em
366 4515 462 4574 Ruude
484 4515 579 4584 stuud,
602 4535 625 4572 u.
643 4515 699 4586 vgl.
718 4516 744 4571 d
762 4535 802 4587 gr.
819 4521 921 4584 κα1ῶς,
939 4511 1060 4587 ὼραίως.
1078 4515 1146 4570 -Β
1169 4518 1174 4583 l
1197 4513 1236 4570 21
1257 4512 1363 4570 ›Sioui‹
1387 4515 1459 4571 habe
1481 4515 1526 4570 ioh

221 4599 410 4671 hinzugefflgt.
427 4602 496 4657 -B
512 4604 516 4669 Ι
532 4602 571 4658 20
591 4600 713 4656 Dioimus
731 4601 831 4672 quippe
848 4602 909 4672 oud]
927 4599 994 4656 Hier
1010 4601 1061 4656 het
1072 4599 1133 4656 uus
1151 4599 1203 4654 mii
1220 4615 1329 4669 grosser
1344 4599 1465 4656 Freiheii
1480 4618 1527 4671 ge·

222 4683 310 4740 kdrut.
328 4715 361 4725 -
373 4685 404 4738 Β.

276 4769 444 4816 Adamantius.
1301 4769 1318 4824 9
