3744 5528
217 471 327 544 Cespsri
345 472 371 528 V
388 489 411 530 e.
424 473 449 530 6.
813 473 923 544 Dislog.
1464 479 1523 544 187

216 645 328 721 tatem,
354 645 386 706 et
406 663 463 707 uos
491 663 600 708 uerum
623 646 670 708 est
692 644 777 727 quod
799 640 916 706 erretis.
948 639 993 708 Ut
1014 645 1119 706 sutem
1141 641 1244 706 sdhue
1270 640 1446 706 euidentius
1467 641 1524 706 fist

218 743 302 826 quod
325 740 471 819 dicimus,
496 741 569 806 audi
591 743 768 826 apostolum
788 740 925 806 Psulum
951 763 1046 826 quem
1067 745 1139 826 spte
1161 740 1269 806 dehis
1291 743 1401 806 tredst
1437 739 1525 807 Dieit

218 839 301 906 enim
315 839 372 906 its:
392 845 507 906 Notum
520 851 619 906 autem
633 846 719 907 uobis
732 846 820 923 faeie,
837 846 955 924 fratroe,
969 845 1164 922 eeeanyetium.
1194 837 1286 916 Quod
1305 839 1523 925 euangelium?

220 944 307 1015 Quod
327 944 537 1021 essupelixaui
557 945 652 1020 sobe,
679 946 758 1022 quod
778 951 805 1005 st
824 945 1004 1022 eieeeepietis,
1032 945 1066 1005 in
1088 943 1305 1022 quaesistis,
1326 962 1383 1022 per
1400 944 1479 1022 quod
1499 949 1526 1004 et

182 1044 297 1104 dealui
325 1043 513 1122 efficiemini,
543 1063 603 1122 que
630 1045 747 1105 ratione
776 1043 986 1121 euunpelixaui
1009 1043 1097 1104 uobis
1125 1043 1155 1103 si
1186 1043 1330 1112 retinetis,
1360 1045 1425 1104 ussi
1449 1044 1524 1120 sorte

216 1143 281 1203 sine
301 1161 393 1204 eausa
413 1143 585 1203 credidistis.
617 1144 737 1204 dtadidi
756 1145 837 1204 eudes
855 1143 942 1204 uotis
961 1143 997 1204 iu
1013 1143 1126 1221 psimis
1147 1143 1219 1220 quia
1237 1142 1373 1204 Otiisme
1388 1148 1524 1204 mortuus

217 1249 259 1302 est
277 1260 336 1320 pro
356 1243 485 1320 peccatis
504 1243 618 1302 nostis
642 1244 805 1304 seeundum
830 1243 995 1320 sempiterne
1019 1249 1046 1302 et
1071 1242 1145 1320 quia
1169 1242 1303 1319 sepultus
1328 1247 1372 1301 eet
1399 1247 1426 1302 et
1450 1242 1525 1320 quis

216 1343 378 1402 resumsit
402 1342 486 1402 tertiis
510 1341 565 1403 die
600 1336 634 1402 Si
660 1338 731 1422 quis
758 1357 833 1423 ergo
858 1360 923 1404 nou
949 1338 1016 1403 sine
1045 1357 1139 1402 esuss
1164 1337 1308 1416 eredidit,
1338 1337 1415 1402 hsee
1444 1358 1524 1422 quse

219 1437 380 1522 spostolus
402 1436 532 1502 tradidit
552 1440 647 1503 tenet.

168 1543 202 1598 10
301 1543 387 1603 distr.
401 1542 440 1603 d:
461 1534 634 1603 Euidenter
654 1537 715 1602 hoe
736 1537 873 1603 ostendit
894 1535 1071 1620 spostolus,
1098 1535 1204 1602 disens
1226 1535 1300 1621 quis
1320 1541 1382 1602 Pro
1399 1541 1525 1618 pateatis

217 1641 332 1701 nostris
349 1641 486 1702 Christus
506 1647 646 1701 mortuus
659 1648 702 1701 est
721 1647 748 1701 et
767 1641 900 1719 sepultus
914 1647 941 1701 et
960 1641 1006 1701 die
1022 1641 1105 1700 tertia
1124 1641 1294 1714 resumit,
1309 1638 1395 1719 quod
1415 1635 1525 1719 utique

219 1735 335 1802 fulsum
349 1735 416 1815 erit,
438 1736 605 1802 sieemem
625 1758 690 1802 non
710 1736 828 1802 hebuit
856 1734 891 1800 Si
906 1736 989 1802 enim
1009 1735 1138 1820 spiritus
1159 1735 1221 1800 suit
1241 1735 1360 1800 hebens
1379 1735 1526 1823 habitum

218 1834 271 1901 uel
292 1834 428 1919 speeiem
442 1835 588 1910 hominis,
610 1857 712 1920 neque
731 1836 813 1901 tradi
833 1839 958 1919 poteret
975 1835 1105 1920 spiritus
1126 1834 1182 1919 qui
1195 1834 1295 1900 teneri
1315 1855 1380 1899 non
1393 1837 1524 1916 poteret,

219 1957 320 2021 neque
341 1934 422 2001 mori
449 1935 505 2018 qui
525 1935 635 2000 mortis
655 1935 820 2000 materiam
845 1956 910 2000 non
935 1934 1083 2015 hebebst3
1115 1934 1240 2018 sepeliri
1265 1937 1370 1999 sutem
1396 1932 1524 2017 spiritus

169 2038 202 2093 15
219 2037 378 2120 quomodo
400 2033 545 2118 poteret?
567 2033 675 2100 Sedet
696 2035 724 2100 si
744 2057 801 2118 per
813 2038 948 2099 mortem
963 2037 994 2098 et
1011 2033 1196 2118 sanguinem
1211 2033 1378 2100 saluatoris
1392 2031 1525 2097 salutem

218 2132 398 2201 hominibus
419 2134 592 2218 scripturae
614 2136 723 2200 dieunt
744 2156 811 2199 esse
833 2133 990 2208 eollstsm
1014 2132 1068 2198 ille
1089 2137 1195 2199 sutem
1216 2155 1319 2218 neque
1340 2131 1526 2216 sanguinem

220 2257 312 2302 suum
337 2233 456 2299 fudisse
485 2254 542 2318 pro
569 2234 756 2315 hominibus,
786 2255 888 2319 neque
914 2237 1047 2299 mortem
1073 2255 1147 2298 uere
1175 2234 1324 2300 asseritur
1352 2229 1526 2314 pertulisse,

219 2333 420 2399 menifestum
442 2337 489 2397 est
513 2355 578 2399 non
604 2355 671 2400 esse
691 2355 802 2398 uerum
824 2335 910 2418 quod
931 2332 1059 2411 dieitur,
1086 2355 1145 2398 nee
1165 2354 1239 2398 uere
1265 2331 1397 2396 salutem
1418 2351 1526 2396 eonse-

221 2436 311 2499 eutos
333 2454 385 2498 eos
408 2431 463 2516 qui
488 2453 545 2516 per
564 2433 646 2498 hene
671 2431 766 2497 fidem
787 2434 920 2498 eredunt
940 2454 973 2498 se
999 2432 1175 2497 selusndos.
1210 2430 1330 2496 Putant
1355 2430 1439 2496 euim
1465 2428 1526 2494 sibi

314 4385 353 4442 14
370 4385 435 4441 Ood.
454 4383 557 4456 sepiliri
572 4385 576 4452 Ι
591 4382 693 4454 sutem]
712 4383 778 4439 cod.
796 4383 864 4452 eut!
880 4383 917 4439 1⁷
937 4382 1011 4454 uere]
1029 4382 1084 4439 Der
1102 4382 1167 4438 cod.
1184 4383 1235 4437 hat
1255 4381 1327 4436 nath
1348 4398 1441 4437 »uere«
1460 4381 1532 4437 noeh

228 4471 273 4526 die
290 4469 389 4526 Worte
408 4487 440 4524 »s
456 4469 560 4536 nobis«,
579 4467 650 4524 doch
666 4467 718 4522 mit
735 4467 825 4523 einsm
837 4467 931 4522 Punkt
946 4468 1014 4523 uber
1033 4485 1079 4524 »οε
1099 4467 1156 4522 uud
1172 4470 1254 4522 untes
1272 4467 1332 4534 »b«,
1349 4466 1391 4520 ets
1407 4465 1531 4532 Zsiehen‚

229 4555 291 4609 dese
309 4553 348 4610 sis
366 4571 400 4609 zu
417 4553 553 4610 streiehsn
570 4552 663 4617 seient
680 4551 718 4609 18
736 4552 913 4607 menifestum
932 4551 982 4624 est]
1000 4551 1062 4608 Rus.
1080 4552 1218 4607 ubersetzt
1233 4550 1311 4606 nicht
1327 4549 1437 4621 riehtig.
1472 4548 1533 4605 Den

229 4641 389 4712 Respieite
408 4639 456 4694 der
467 4639 519 4694 mit
531 4635 595 4696 οὐδὲ
612 4636 693 4707 ἡμεῖς
705 4637 830 4708 inungi,
848 4635 918 4692 ldset
931 4653 960 4692 er
971 4636 1023 4692 mit
1033 4643 1122 4693 ταῦτα
1135 4631 1179 4692 ἐπ’
1191 4633 1278 4693 αὐτοῦ
1290 4635 1438 4706 snssngen.
1455 4664 1489 4676 -
1500 4635 1532 4690 Β.
