3708 5528
188 455 301 528 (lesperi
318 456 330 508 I
348 471 371 510 o
389 456 430 510 18.
449 456 489 510 19.
795 454 904 526 Dialog.
1457 465 1497 527 39

272 647 297 690 o.
316 623 458 694 XVIII.
494 631 566 705 May.
587 629 628 688 d.:
657 623 822 700 Quomodo
848 625 882 687 in
907 625 978 708 lege
1004 627 1157 709 seriptum
1183 631 1230 691 est
1260 627 1376 692 auferri
1400 627 1498 691 uesti-

189 730 330 790 mentum
350 745 408 808 pro
430 725 626 804 uestimento,
646 729 749 788 bonus
770 727 876 788 eutem
898 725 1042 789 dominus
1065 725 1152 790 diait:
1184 731 1220 792 Si
1240 731 1294 791 tibi
1314 733 1380 810 quie
1399 731 1499 807 aufert

190 831 331 902 turricam,
353 829 391 888 do
412 829 440 888 ea'
461 833 487 888 at
504 826 653 906 pultium?

273 929 327 990 Ad.
343 929 382 988 d.:
410 921 498 987 Istud
515 923 641 1006 quidem
662 928 757 1006 eaput
776 921 878 996 simile
899 926 947 988 est
968 922 1016 988 illi
1038 927 1076 988 de
1098 945 1161 1007 quo
1183 924 1326 1007 superins
1349 924 1499 990 diximus:

155 1041 172 1093 5
195 1027 321 1090 aeetae
336 1047 395 1104 pra
416 1028 510 1102 aaala,
532 1029 646 1087 denam
660 1027 822 1104 prodente.
863 1019 983 1086 Uerum
1005 1044 1045 1086 ne
1068 1022 1226 1087 arbitratis
1248 1046 1306 1088 nos
1325 1047 1388 1090 non
1407 1047 1500 1108 posse

189 1125 253 1190 tuis
274 1123 544 1206 propositionibus
570 1125 770 1206 respondere,
796 1121 872 1186 lieet
891 1121 954 1185 iam
976 1122 1037 1187 boo
1062 1144 1125 1187 non
1147 1123 1189 1186 sit
1209 1125 1370 1207 proprium
1393 1125 1500 1208 dispu-

190 1223 325 1288 tationes
349 1244 526 1306 proponere
552 1225 591 1288 de
617 1221 780 1305 seripturis
807 1224 838 1285 et
863 1220 1077 1287 absolutiones
1102 1223 1261 1306 requirere
1288 1245 1498 1308 eorumquae

190 1325 307 1406 scripta
328 1327 410 1401 sunt,
431 1327 536 1388 temen
559 1325 597 1386 de
618 1344 656 1389 eo
678 1323 764 1404 quod
785 1322 847 1386 nis:
879 1325 915 1386 Si
936 1327 1005 1402 qae'e
1029 1325 1185 1386 sustulerit
1211 1326 1263 1386 tbi
1287 1329 1498 1388 aestimatum

190 1425 223 1488 in
250 1422 422 1507 euangeliis
452 1422 579 1505 quidem
604 1420 649 1486 ita
675 1421 827 1503 seriptum
853 1425 912 1498 est,
940 1421 974 1484 in
1000 1419 1070 1505 lege
1092 1425 1197 1485 autem
1217 1443 1236 1484 e
1256 1422 1434 1504 patriarche
1453 1422 1498 1486 ite

140 1535 173 1590 10
192 1528 316 1608 gestum
337 1527 392 1588 est.
434 1521 546 1606 loseph
568 1542 713 1605 nemque,
736 1542 834 1604 quum
847 1523 1054 1584 retentaretur
1074 1542 1131 1603 per
1145 1521 1284 1603 pellium,
1308 1522 1402 1587 etiem
1416 1522 1498 1586 tuni·

191 1643 260 1688 oem
281 1621 410 1705 reliquit
430 1621 463 1686 in
482 1622 628 1687 monibus
651 1619 801 1696 exuentis,
823 1620 905 1684 siout
925 1618 958 1682 in
981 1619 1146 1702 euangelio
1168 1620 1318 1703 seriptum
1340 1627 1395 1686 est
1436 1619 1498 1686 Sed

191 1726 223 1788 et
243 1721 330 1786 eibos
351 1721 495 1804 proprios
516 1721 730 1804 indigentibus
751 1719 895 1785 diuisisse
918 1718 1039 1802 antiqui
1061 1723 1093 1782 et
1113 1719 1205 1784 femie
1227 1725 1367 1804 tempore
1389 1720 1499 1787 elimo·

191 1821 258 1885 nias
283 1821 466 1902 praebuisse
492 1822 678 1885 referuntur.
728 1817 847 1884 Uerum
871 1816 923 1882 lex
950 1818 1078 1901 quidem
1104 1819 1192 1883 siluit
1218 1822 1256 1884 de
1282 1821 1498 1886 huiuscemodi

191 1925 364 2004 praecepto.
399 1918 449 1984 Itu
469 1921 603 2003 denique
622 1920 773 2000 seriptum
796 1922 854 1983 est:
878 1922 914 1983 Si
933 1923 1071 1999 aeeepere't
1089 1923 1182 1998 freter
1203 1930 1273 1983 taus
1293 1924 1346 1983 aba
1368 1931 1498 2000 tepean-

142 2029 173 2083 15
191 2015 290 2098 niara,
318 2041 398 2083 arena
424 2025 547 2100 seperiora
573 2023 701 2083 remittas
726 2024 753 2082 ei
779 2039 921 2094 maara,
947 2027 974 2081 et
998 2029 1086 2098 eaput
1104 2023 1249 2099 pecuniae
1268 2023 1433 2099 foeneratae
1454 2043 1499 2083 ra-

194 2124 292 2184 mittee
312 2125 347 2183 αι’.

275 2240 300 2283 e.
315 2218 419 2286 XIX.
449 2224 522 2298 Mea.
544 2223 583 2282 d.:
610 2215 739 2282 Creator
760 2218 837 2281 deus
858 2215 947 2280 dieit:
975 2221 1088 2280 Aream
1109 2237 1212 2280 ewam
1232 2223 1384 2282 mandam
1404 2229 1432 2282 et
1450 2242 1499 2281 sa-

191 2322 281 2398 yittas
301 2339 383 2382 meas
403 2321 616 2382 consummabo
637 2323 672 2381 ire
692 2339 749 2382 eas.
791 2313 964 2398 Apostolus
985 2335 1061 2379 uero
1084 2316 1173 2380 dioit:
1198 2319 1317 2380 Iadaite
1336 2339 1393 2382 uae
1414 2335 1498 2382 arana

193 2421 260 2494 Dei,
281 2427 315 2479 at
329 2421 457 2496 possitis
477 2421 575 2480 iaeula
595 2420 724 2496 noetiani
743 2419 839 2496 ipae'ta
860 2419 1050 2494 medopam

142 2523 177 2578 20
276 2521 331 2580 Ad.
346 2521 384 2580 d.:
406 2517 533 2581 Bonum
558 2516 644 2580 bono
664 2536 729 2579 non
750 2517 798 2578 est
818 2511 1021 2590 eontrarium,
1042 2534 1145 2597 neque
1165 2514 1397 2593 malumrnuo,
1418 2516 1500 2581 siout

193 2637 250 2682 nea
274 2616 330 2682 lux
354 2615 420 2680 luai
447 2615 517 2697 (nee
541 2613 689 2680 tenebrae
714 2612 877 2693 tenebris),
909 2633 967 2677 neo
988 2610 1096 2698 elbum
1117 2612 1204 2690 elbo,
1231 2617 1288 2679 sed
1309 2616 1499 2680 eontrarium

194 2722 241 2780 est
259 2715 365 2780 elbum
384 2714 483 2799 nigro.
520 2715 685 2792 Quomodo
705 2731 780 2796 ergo
803 2716 896 2795 putas
918 2711 1047 2776 ethaeo
1069 2711 1129 2776 sibi
1152 2734 1219 2778 esse
1240 2713 1397 2778 eontrarie
1418 2735 1499 2798 quae

194 2815 270 2880 dieit
283 2814 438 2898 propbeta
452 2818 483 2878 et
497 2813 676 2896 apostolus?
704 2813 757 2876 An
771 2811 898 2896 ignoras
920 2810 995 2894 quia
1013 2832 1103 2876 araus
1125 2816 1158 2876 et
1179 2812 1302 2895 gladius
1324 2817 1355 2877 et
1376 2818 1500 2878 sentum

195 2920 227 2979 et
247 2913 351 2978 ieeule
372 2917 403 2977 et
423 2934 510 2978 erma
531 2913 636 2977 omnia
657 2913 718 2978 istu
737 2910 944 2975 instrumente
965 2915 1039 2975 sunt
1059 2909 1192 2976 bellios?

143 3019 177 3074 25
276 3019 361 3078 Eure.
382 3018 421 3078 d.:
450 3011 616 3095 Propheta,
638 3011 726 3076 ouius
749 3013 822 3087 erat,
843 3009 918 3074 iusti
940 3014 995 3074 out
1015 3007 1110 3075 meli?

276 3120 350 3193 Map-
371 3117 411 3178 d:
441 3112 527 3178 Iusti.

276 3218 331 3277 Ad.
352 3218 391 3278 d.:
428 3211 592 3289 Quomodo
623 3230 697 3294 ergo
728 3209 904 3293 malignum
933 3208 1011 3272 dioit
1040 3211 1201 3292 apostolus
1231 3211 1362 3292 iustum,
1394 3210 1500 3276 diosus

194 3311 296 3376 iaoule
316 3310 448 3395 maligni
469 3311 569 3396 ignite
591 3310 809 3393 exstinguere?

277 3418 362 3476 Eatr.
384 3417 425 3476 d.:
452 3409 572 3476 Eadem
593 3414 666 3474 sunt
687 3409 800 3473 omniu

279 4271 334 4326 an.
357 4269 423 4325 coe
447 4236 684 4340 reumont-2
701 4265 823 4336 (cupae
844 4265 907 4321 nee
927 4263 1157 4334 »disputationis«,
1176 4263 1293 4318 sonares
1310 4263 1385 4318 esne
1404 4282 1500 4334 »quee-

195 4356 311 4411 stiones«
331 4353 376 4414 ein
393 4354 451 4408 und
467 4353 526 4409 will
542 4354 615 4408 naob
634 4350 857 4408 ›uestimentum‹
876 4350 952 4406 lesen
972 4347 1180 4418 »respondebo«.
1210 4348 1265 4402 Der
1280 4347 1350 4402 Text
1366 4348 1436 4402 wird
1453 4347 1500 4403 de-

196 4439 281 4495 dnrob
302 4438 410 4508 logiseb
432 4437 671 4508 zureabtgerdolrt,
697 4436 763 4492 aber
781 4435 826 4490 die
843 4434 975 4505 Eingrille
994 4433 1056 4488 sind
1073 4431 1151 4486 nieht
1168 4432 1382 4503 gereohtfertigt.
1421 4434 1499 4490 »Pro-

195 4525 299 4596 prium«
317 4523 393 4577 kann
404 4523 467 4576 sehr
477 4521 551 4577 wohl
564 4521 674 4576 absolut
685 4521 796 4576 stenen:
806 4549 840 4560 -
851 4519 884 4586 Β)
900 4522 906 4587 l
922 4519 959 4573 14
980 4516 1151 4587 »Aooeperit«
1167 4515 1241 4570 steht
1251 4515 1291 4570 im
1303 4515 1367 4573 cod.
1380 4516 1500 4588 doppelt,

196 4609 245 4662 des
264 4607 325 4662 eine
342 4606 399 4661 Mul
418 4605 618 4662 unterstriehen
633 4607 637 4674 Ι
653 4606 690 4660 21
710 4621 762 4660 neo
778 4603 835 4674 lux]
857 4602 942 4658 »Neo«
962 4601 1033 4656 fehlt
1051 4601 1089 4656 im
1106 4600 1172 4656 cod.
