3744 5528
219 491 330 560 Csspsri
348 489 372 544 V
390 505 413 544 6.
431 492 472 545 11.
491 491 531 546 12.
818 487 927 559 Diedog.
1471 496 1533 559 197

220 680 345 724 curnem
366 659 462 724 homo
483 680 548 724 non
569 658 673 724 solum
699 658 822 732 habitu,
853 661 907 724 sed
934 661 966 722 61
991 657 1124 723 ueritate
1156 661 1188 722 61
1213 656 1321 722 habitu
1354 662 1386 722 et
1412 662 1536 723 nature.

219 757 304 824 Huic
333 758 485 824 hebemus
511 758 621 841 fidem,
651 763 682 823 61
707 760 768 825 hoc
799 763 846 823 cst
880 761 966 844 quod
990 759 1082 824 nobis
1110 756 1272 840 spostolus
1300 757 1430 822 tradidit
1458 759 1535 842 quie

220 856 363 923 Christus
393 861 567 924 seeundum
598 881 722 925 carnem
751 867 895 925 mortuus
926 862 973 923 661
1003 863 1034 923 61
1065 857 1208 940 sepultus
1244 861 1275 923 et
1309 858 1481 922 resurrexit
1517 881 1535 921 6
1561 901 1565 908 -

221 957 352 1023 mortuis
375 962 406 1022 61
428 962 476 1024 661
496 958 623 1023 initium
644 958 867 1025 dormientium
888 981 945 1042 per
965 958 1234 1023 resurrectionem

187 1061 202 1115 5
304 1079 330 1122 6.
350 1058 440 1126 XII.
475 1064 551 1123 Mor.
573 1063 611 1124 d:
641 1057 759 1123 Dixisti
786 1061 861 1143 6616
887 1062 960 1125 6616
982 1058 1142 1124 Christum
1168 1056 1261 1122 multi
1287 1063 1535 1124 resurrexerunt.

221 1156 386 1234 Quomodo
409 1177 484 1242 ergo
506 1156 649 1223 Christus
671 1162 718 1222 661
739 1158 865 1224 initium
888 1157 1132 1225 dormientium?

303 1262 358 1322 Ad
378 1262 418 1324 d:
445 1257 521 1321 Dixi
546 1258 611 1323 iam
633 1259 708 1342 quis
729 1259 762 1323 hi
784 1259 840 1342 qui
867 1263 939 1324 6616
961 1256 1121 1322 Christum
1143 1262 1382 1323 resurrexerunt
1406 1280 1536 1323 rursum

220 1357 337 1422 mortui
362 1362 444 1436 sunt,
477 1361 614 1422 Christus
639 1363 756 1438 sutem,
786 1382 914 1439 sumens
938 1381 959 1422 6
982 1363 1120 1434 morinis,
1151 1363 1215 1422 iem
1235 1383 1298 1424 nou
1323 1362 1453 1422 moriter
1481 1381 1533 1422 666

221 1479 303 1520 mors
328 1462 356 1522 61
380 1461 459 1521 ultra
484 1462 697 1536 dominabitur,
728 1464 807 1540 quod
832 1464 913 1523 enim
933 1468 1072 1523 66611666
1094 1457 1168 1540 (est)
1192 1469 1309 1540 peceato
1330 1468 1471 1522 mortuus
1492 1469 1537 1522 661

171 1564 204 1619 10
221 1561 322 1634 senui,
349 1562 429 1638 quod
449 1567 549 1622 66166
569 1563 833 1623 6161161611166.
870 1557 930 1624 Cui
952 1577 1028 1641 ergo
1048 1557 1211 1622 dominata
1232 1563 1279 1623 661
1300 1562 1406 1624 mors?
1442 1557 1535 1634 Quod

222 1655 306 1720 enim
336 1656 427 1722 dixit:
462 1663 546 1723 Mors
575 1663 603 1722 61
631 1663 696 1722 ium
724 1681 788 1723 666
816 1662 897 1722 61166
926 1661 1143 1735 dominabitur,
1174 1657 1312 1724 ostendit
1343 1658 1417 1742 6616
1446 1658 1534 1741 prius

223 1756 384 1821 dominata
405 1758 454 1821 sit
1466 1821 1469 1828 .

306 1861 393 1921 mur.
407 1861 446 1922 d.:
470 1855 596 1922 Certum
613 1860 661 1921 est
681 1857 838 1940 quiahoc
858 1859 896 1922 de
918 1878 1010 1922 cerne
1030 1856 1152 1921 dicetur
1174 1879 1255 1940 6666
1275 1858 1314 1922 eh
1339 1879 1377 1922 66
1396 1861 1535 1922 assumta

223 1959 283 2034 661,
312 1957 398 2038 quod
424 1955 486 2039 ipsi
512 1955 673 2021 dominata
698 1957 740 2022 sit
766 1978 858 2023 mors.
901 1953 977 2021 Non
1004 1956 1088 2020 enim
1119 1955 1188 2021 heri
1211 1959 1317 2039 potest
1346 1960 1383 2021 ut
1413 1957 1536 2021 dicetur

172 2060 205 2114 15
224 2054 298 2138 6616
322 2057 420 2121 uerbo
447 2056 498 2120 dei
524 2077 608 2121 mors
635 2056 796 2121 dominata
821 2057 870 2136 sit,
898 2058 984 2140 quod
1008 2056 1119 2139 utique
1148 2056 1210 2121 dici
1237 2056 1407 2122 necessitas
1429 2056 1536 2141 exigit,

224 2155 251 2220 si
271 2177 337 2220 non
358 2176 431 2220 uere
454 2177 526 2220 eum
546 2144 674 2220 carnem
695 2156 869 2239 suscepisse
892 2155 1042 2220 fatemini.

307 2259 362 2319 Ad.
383 2260 423 2320 d:
449 2254 535 2320 Audi
556 2257 661 2321 sdhuc
682 2256 861 2338 apostolum
883 2257 1039 2320 dicentem
1061 2258 1099 2320 de
1123 2277 1159 2321 66
1187 2258 1273 2339 quod
1293 2277 1368 2320 uere
1393 2259 1536 2320 mortuus

225 2358 272 2418 est
293 2358 326 2419 et
346 2375 410 2419 non
430 2376 487 2437 per
509 2355 717 2437 phantasiam,
743 2359 775 2420 61
797 2356 871 2442 6616
892 2376 966 2420 uere
987 2377 1044 2437 pro
1067 2354 1169 2419 661616
1190 2358 1298 2419 nostre
1320 2356 1449 2439 sanguis
1470 2353 1537 2419 6166

225 2453 342 2519 effusus
358 2457 413 2518 est.
440 2453 497 2518 Ait
511 2473 587 2539 ergo
608 2454 666 2521 its:
692 2459 884 2520 Commendat
902 2465 1001 2520 66166
1021 2459 1093 2519 deus
1114 2460 1265 2520 6661161666
1285 2459 1431 2519 suumin
1451 2459 1538 2518 66116

173 2560 297 2636 206616
322 2559 360 2632 61,
393 2576 464 2618 oum
489 2559 584 2619 adhue
605 2565 769 2636 peccatores
794 2579 934 2632 essemus,
970 2559 1109 2621 Christus
1135 2558 1303 2635 pronubis
1327 2565 1537 2630 mortuusest,

224 2659 317 2719 mulio
346 2658 446 2734 mcyis
474 2659 631 2735 iustifimii
657 2661 692 2719 16
718 2661 865 2735 sanquine
893 2659 958 2719 eius
984 2659 1065 2718 66161
1091 2659 1204 2718 eminus
1224 2658 1261 2718 ab
1281 2659 1330 2718 ira
1353 2677 1408 2735 per·
1427 2659 1540 2735 ipsum.

224 2753 267 2818 Et
287 2753 414 2818 iterum:
435 2759 517 2818 Nom
538 2759 592 2818 cisi
612 2757 779 2835 crucifixum
799 2765 896 2819 66166
916 2759 1106 2836 infirmitate,
1128 2757 1180 2818 sed
1198 2759 1281 2817 61611
1300 2777 1336 2818 eu
1351 2758 1464 2818 uirtute
1485 2757 1542 2817 dei.

224 2852 267 2917 Et
286 2853 412 2918 iterum:
443 2860 504 2918 Aut
530 2857 678 2934 1661666116
703 2859 776 2935 6616
802 2860 978 2936 quicunque
1003 2858 1147 2935 1666116611
1171 2877 1281 2918 sumus
1306 2858 1341 2918 16
1366 2857 1484 2918 Christo
1506 2857 1541 2916 16

225 2957 437 3034 6661666166
458 2957 730 3034 166666166666.
766 2951 886 3030 Quodsi
901 2975 975 3017 uere
996 2975 1060 3019 non
1083 2957 1130 3018 est
1149 2957 1300 3033 mortuus,
1324 2953 1395 3037 quis
1416 2952 1540 3018 dubitat

175 3058 208 3112 25
226 3052 383 3116 neminem
413 3075 479 3117 esse
507 3051 725 3135 baptizatum?
760 3051 803 3116 Et
828 3053 943 3118 iterum
974 3053 1050 3138 6616
1080 3057 1270 3135 (6611166611
1293 3076 1350 3117 666
1375 3057 1409 3116 16
1439 3056 1551 3116 dilecto=

225 3155 290 3232 11116
316 3175 379 3230 666,
409 3158 444 3216 16
469 3175 527 3233 666
554 3157 697 3217 hahemus
717 3157 925 3218 redemtionem
953 3176 1008 3234 per
1034 3159 1214 3234 6666616666
1238 3157 1311 3218 6166.
1348 3151 1391 3216 Et
1411 3151 1543 3218 iterum:

232 3255 310 3325 Quia
326 3262 354 3316 61
372 3274 429 3317 666
443 3257 542 3316 endem
558 3257 648 3333 possi
665 3257 735 3317 66116
756 3277 775 3317 6
796 3257 1009 3323 concionibus
1023 3259 1143 3330 uestris,
1165 3258 1243 3318 61661
1262 3263 1358 3317 61666
1377 3256 1540 3331 cluderis,

227 3355 283 3433 qui
303 3361 329 3416 61
349 3357 507 3417 dominius
531 3357 698 3417 occiderunt
717 3357 826 3418 Iesum.
861 3351 904 3417 Et
924 3353 1039 3418 iterum
1064 3353 1132 3436 ipse
1158 3352 1298 3419 seluetor
1323 3353 1477 3436 praedicit
1505 3355 1543 3416 de

321 4655 335 4710 ⁷
357 4654 421 4710 Cod.
440 4654 506 4724 6616
522 4653 631 4723 1616111
650 4656 692 4709 661
708 4653 780 4709 fehlt
796 4655 835 4708 im
852 4654 918 4709 Cod.
