3744 5528
355 489 415 550 222
914 482 1102 539 Adamantius.
1251 483 1292 538 De
1309 482 1338 536 1ο
1354 483 1413 537 Rue
1431 481 1456 552 Y
1473 481 1660 538 wad-8640.

354 650 411 712 καὶ
433 641 636 732 ἄνθρωπον.
672 642 773 726 τίς
738 672 800 733 γαρ
817 640 934 733 άγνοεῑ
953 639 1017 731 ότι,
1041 652 1069 717 εί
1089 652 1144 717 καὶ
1166 645 1311 734 ἔλεγον“
1300 641 1473 725 εαυτοῦςο
1464 639 1555 734 μέν
1575 645 1659 716 εἶναι

355 740 506 826 Παύλου,
538 736 557 812 3
584 746 620 813 δὲ
645 738 813 828 Ἀπολλώ,
845 737 989 816 οῦδὲν
970 774 1078 834 ηττον
1105 740 1309 834 άνθροόπων
1338 739 1456 814 υίοὶ”
1434 749 1589 833 υπῆρχσν
1617 751 1659 832 τῇ

356 837 467 932 οῦσίᾳ;
488 869 587 929 ηοτι
603 851 655 923 οίς
669 867 803 932 γραφει
826 837 895 915 ότε
916 837 986 934 ἦτε
1008 849 1050 916 έν
1071 852 1199 934 σαρκί,
1222 850 1277 914 καὶ
1297 869 1379 915 τοτε
1401 836 1484 915 όσον
1505 846 1544 913 ἐν
1565 839 1660 930 οῦσίᾳ

354 937 417 1014 οῦκ
438 933 524 1030 ἦσαν
546 940 703 1031 άσαρκοι;
729 939 751 1012 3
772 952 828 1012 καί
850 947 942 1032 ἔλεγε
964 941 1071 1031 σάρκα
1093 943 1157 1032 τὴν
1178 939 1341 1034 σάρκινόν
1363 971 1401 1013 τε
1422 947 1478 1012 καί
1499 948 1660 1032 διεφθαρ

320 1047 459 1130 σμένην
481 1047 543 1111 τοῦ
564 1038 681 1125 βίου’
660 1040 892 1132 αναστρσφὴν,
915 1039 960 1131 ἢν
974 1041 1116 1124 εἰκότως
1138 1047 1347 1130 έξσικίζει”
1304 1071 1366 1131 της
1388 1038 1575 1124 έλπίδος“
1546 1072 1595 1124 ως
1614 1042 1658 1163 μὴ

355 1146 547 1230 δυναμένην
567 1140 634 1230 τὴν
655 1147 717 1212 τοῦ
739 1147 824 1213 θεοῦ
844 1148 1096 1230 κληρονομῆσαι
1118 1149 1294 1228 βασιλείαν.
1333 1147 1362 1212 εί
1384 1147 1420 1214 δὲ
1442 1147 1573 1213 δίδοται
1595 1141 1661 1231 τὴν

282 1261 333 1316 864
355 1247 418 1312 τοῦ
439 1240 597 1330 σσόματος
618 1237 741 1330 σάρκα,
769 1237 818 1322 οῦς
836 1246 840 1328 ί
860 1245 1004 1325 οίονται,
1031 1241 1076 1330 μὴ
1103 1239 1269 1313 δῦνασθαι
1295 1260 1408 1330 τυχεῖν
1432 1246 1493 1330 τῆς
1513 1245 1659 1323 ἐλπίδος.

355 1347 406 1422 τίς
425 1348 519 1428 χρεία
540 1337 772 1430 βαπτίσματος
793 1348 850 1412 καὶ
872 1347 1034 1429 λουτροῦ,·
1065 1333 1158 1411 σῦτω
1185 1340 1248 1429 γάρ
1270 1339 1390 1428 φάσκει
1411 1335 1431 1411 δ
1454 1336 1659 1421 άπόστσλος

354 1435 453 1510 άλλά
476 1447 614 1525 ταῦτα,
638 1448 729 1529 φησί,
753 1445 860 1522 τινες
882 1432 965 1530 ἦτε,
992 1435 1077 1512 ἄλλ’
1100 1436 1392 1525 ἀπελούσασθε,
1421 1436 1504 1512 ἀλλ’
1528 1435 1659 1529 ἡγιάσ-

303 1561 337 1617 10
354 1551 463 1628 θητε.
500 1548 534 1610 τί
555 1539 682 1612 ἔστιτὸ
702 1537 891 1629 λουόμενον
905 1549 961 1610 καὶ
976 1535 1207 1629 άγιαζόμενσν,
1229 1536 1549 1627 ἀποκρινάσθωσαν.
1585 1535 1658 1611 άλλ’

354 1643 426 1711 ἐπεὶ
451 1645 507 1709 καί
533 1643 566 1711 οί
592 1645 669 1726 περί
691 1644 863 1727 Μεγέθιον
888 1635 1054 1728 άκροαταὶ
1080 1636 1293 1726 τυγχάνουσι,
1324 1639 1379 1710 διά
1405 1645 1512 1711 τοῦτο
1538 1643 1576 1710 ἐκ
1598 1645 1660 1710 τσῦ

354 1735 472 1809 αὐτῶν
495 1735 725 1810 άποστολικοῦ
747 1745 934 1827 προφέρειν
949 1735 1186 1861 ἀναγκάζομαι,
1209 1737 1295 1826 πρὸς
1310 1734 1523 1827 άμφστέρους
1543 1735 1659 1811 ποιοῦ-

353 1865 455 1923 μενσς
477 1836 539 1908 τὸν
561 1834 673 1926 λόγον.
711 1843 845 1920 Παῦλος
866 1844 951 1927 γοῦν
974 1836 1145 1920 Γαλάταις
1171 1835 1333 1954 γράφων.
1337 1829 1449 1919 οῦτως
1471 1841 1547 1928 ἔφη·
1578 1831 1597 1906 3
1620 1844 1659 1909 δε

355 1943 493 2023 νῦνζιῦ
516 1941 557 2007 έν
579 1943 695 2025 σαρκί
711 1941 752 2009 έν
773 1946 906 2008 πίστει
929 1946 980 2024 ζῶ
1003 1945 1050 2026 τῇ
1073 1967 1144 2009 του
1129 1941 1247 2008 ὐἱοῦ
1262 1942 1334 2008 τοῦ
1354 1943 1453 2007 θεοῦ
1475 1944 1547 2008 τσῦ
1568 1934 1659 2026 άγα·

303 2059 336 2111 15
354 2059 566 2125 πησαντος
579 2061 636 2125 με·
657 2044 713 2108 καὶ
734 2035 853 2157 πάλιν·
876 2034 1009 2108 τῶνδ’
1030 2036 1265 2124 αλλωνείκη
1280 2031 1660 2126 κοπουςμσιμηδεὶς

316 2143 599 2223 σπαρεχέσθω.
642 2137 718 2225 ἐγω
746 2135 818 2224 γὰρ
840 2136 888 2206 τά
911 2145 1104 2225 στίγματα
1128 2143 1200 2208 τσῦ
1221 2132 1342 2224 Ἰησοῦ
1363 2140 1405 2206 ἐν
1427 2142 1483 2226 τῷ
1506 2136 1660 2226 σώματί

353 2261 427 2352 μου
453 2232 646 2322 βαστάζω.
688 2242 770 2323 φέρε
796 2242 928 2320 τοίνυν,
960 2239 1083 2324 ἴδωμεν
1104 2245 1139 2308 τί
1166 2241 1326 2323 δηλοῦσιν
1352 2227 1453 2306 αῦται
1474 2239 1508 2307 αί
1531 2244 1657 2324 φωναί·

355 2329 464 2420 ῦζιῦ,
488 2341 599 2423 φησίν,
622 2340 664 2406 ἐν
685 2341 814 2424 σαρκί
836 2341 879 2405 ἐν
899 2344 1032 2407 πίστει
1053 2342 1114 2422 ζω
1150 2326 1312 2426 δηλον
1272 2363 1335 2406 συν
1357 2364 1412 2405 στι
1429 2363 1491 2423 της
1511 2343 1659 2406 πίστεως

356 2429 463 2554 ηζω
418 2461 534 2523 ωην
496 2437 534 2504 έν
560 2442 603 2524 τῇ
629 2442 726 2522 σαρκί
752 2433 933 2505 ἔστιντὰ
959 2442 1124 2524 στίγματα
1151 2442 1213 2507 τοῦ
1220 2439 1400 2554 Χριστοῦ,
1431 2429 1472 2504 δι’
1496 2461 1548 2504 ων
1568 2438 1660 2505 έστιι

304 2549 338 2604 20
356 2530 436 2622 ἡμῖν
458 2563 479 2622 η
468 2529 664 2624 ’,σωτηρία
691 2533 733 2606 τὸ
760 2540 857 2624 σῶμα
884 2532 1048 2621 βαστάζει
1090 2541 1167 2616 πῶς
1192 2537 1254 2606 οῦν
1280 2531 1321 2603 τό
1343 2529 1577 2619 βαστάζοντά
1598 2541 1660 2623 τῆς

356 2638 526 2722 σωτηρίας
547 2640 721 2722 στίγματα,
743 2640 800 2704 καί
821 2633 887 2724 τὴν
908 2663 970 2723 της
984 2635 1167 2716 πίστεως
1151 2661 1230 2753 εχον
1253 2631 1352 2722 ζωήν,
1374 2628 1449 2704 κατ’
1473 2629 1596 2715 αῦτοῦς
1619 2631 1660 2706 οῦ

355 2731 513 2818 σιόζεται;
534 2728 556 2822 3
577 2731 640 2822 γὰρ
662 2729 761 2804 οῦδὲν
783 2731 1004 2822 ωφελεῑται”
989 2761 1068 2821 εχον
1089 2730 1153 2822 τὴν
1173 2762 1234 2856 της
1255 2740 1403 2814 πίστεως
1425 2730 1517 2820 ζωὴν
1538 2738 1594 2801 καὶ
1616 2732 1660 2802 τά

354 2839 418 2903 τοῦ
440 2825 543 2921 Ἰησοῦ
565 2828 788 2921 στίγματα,”
766 2862 802 2954 η,
826 2836 891 2904 εί”
876 2857 948 2905 εστι
970 2831 1024 2903 διά
1047 2831 1172 2904 τοῦτου
1192 2830 1212 2922 3
1236 2839 1398 2922 σωτηρία,
1421 2828 1504 2921 σάρξ
1525 2828 1659 2920 ἐστινὴ

354 2936 537 3020 σωζομένη.
563 2938 619 3002 καὶ
635 2938 743 3002 ταῦτα
757 2928 920 3023 ῦπάρχειν
938 2927 1160 3020 ὁμολογεῖται
1185 2939 1384 3020 Κορινθίοις
1399 2935 1435 3002 δὲ
1450 2867 1661 3003 ἐπιστέλλωῦ

303 3052 337 3106 2.)
354 3059 467 3112 ουτως
492 3032 571 3120 ἔφη·
601 3027 672 3102 οῦκ
698 3026 882 3102 οίδατε“
862 3061 926 3103 οτι
954 3030 1002 3102 τά
1028 3055 1192 3120 σωματα
1218 3029 1328 3120 ῦμων
1359 3037 1455 3120 μέλη
1484 3038 1661 3119 Χριστοῦ

321 3129 521 3215 ιέστιν;”
500 3159 598 3220 αρας
620 3123 692 3203 σῦν
713 3131 761 3202 τά
782 3136 879 3221 μέλη
903 3137 975 3203 τοῦ
998 3137 1175 3220 Χριστοῦ
1195 3127 1352 3220 ποιήσω
1374 3126 1528 3219 πόρνης
1549 3135 1661 3219 μέλη,·

353 3229 402 3318 μὴ
429 3236 600 3319 γένοιτο.
644 3232 672 3298 εί
698 3229 760 3319 γάρ
785 3237 935 3321 Χριστοῦ
956 3237 1040 3320 μέλη
1063 3235 1133 3302 ἐστὶ
1156 3229 1200 3300 τά
1221 3230 1376 3318 σώματα,
1403 3225 1425 3318 3
1447 3225 1658 3301 άπόλλυνται

354 3328 397 3399 τά
418 3336 501 3418 μέλη
525 3335 587 3400 τοῦ
610 3335 760 3416 Χριστοῦ
781 3326 803 3418 3
825 3330 968 3418 σώζεται
992 3326 1012 3418 3
1034 3327 1125 3420 σάρξ.

438 3451 540 3515 ΜΑΡ.
584 3451 703 3534 Σῶμα,
726 3442 767 3517 οῦ
789 3442 898 3534 σάρκα
919 3452 1016 3535 λέγει.

302 3567 336 3622 30
437 3549 503 3614 ΑΔ.
526 3551 701 3616 Δείκνυται
716 3549 753 3615 ὲκ
767 3551 844 3615 τῶν
858 3548 1121 3634 ἐπιφερομένων.
1144 3540 1216 3616 οῦκ
1231 3549 1296 3618 οίδ
1303 3575 1371 3616 ατε
1387 3543 1473 3634 γὰρ,
1489 3549 1580 3633 φησί,
1596 3536 1658 3614 ότι

354 3637 373 3713 ό
395 3642 650 3732 κολλώμενος
674 3650 721 3732 τῇ
743 3641 875 3733 πόρνη
898 3644 941 3714 έν
963 3641 1073 3732 σῶμά
1094 3649 1220 3730 ίστιν;
1249 3646 1412 3716 ἔσονται
1434 3642 1518 3733 γάρ,
1546 3650 1659 3733 φησίν,

438 3895 466 3966 θ]
486 3900 499 3951 1
513 3896 573 3953 Cor.
585 3899 613 3952 6:
626 3901 667 3952 11.
679 3927 713 3936 -
727 3895 850 3965 18-15]
865 3897 925 3952 Gal.
938 3899 968 3952 2:
981 3898 1022 3952 20.
1035 3927 1066 3936 -
1082 3897 1206 3967 15-17]
1220 3897 1280 3954 Gal.
1292 3898 1321 3952 δι
1335 3899 1376 3952 17.
1389 3927 1421 3936 -
1434 3895 1552 3965 25—23
1572 3898 1586 3950 1
1600 3895 1659 3950 Cor.

353 3981 381 4035 6:
395 3983 435 4036 15.
453 4011 486 4020 —
504 3980 603 4050 8381]
622 3981 710 4037 1001.
723 3984 752 4037 6:
766 3983 806 4048 16,
826 3983 893 4037 Gen.
905 3983 935 4036 2:
950 3984 990 4037 24,

438 4216 456 4270 2
470 4213 550 4272 οῦδὲν
560 4214 679 4282 Ψοὴίετ,
690 4212 788 4271 οῦδὲδ
798 4215 868 4270 HSS.
879 4211 923 4284 (οῦ
936 4216 969 4283 (1)
985 4217 989 4283 l
1006 4215 1053 4282 38
1062 4221 1111 4282 τῆς
1121 4213 1219 4281 οὐσίας
1229 4215 1374 4270 ABDEFG
1385 4213 1533 4283 (inboiden
1544 4215 1660 4269 Worten

351 4300 388 4354 ist
401 4319 444 4365 »3«
458 4300 569 4368 radiert)
581 4299 607 4354 H
622 4301 626 4368 Ι
642 4300 661 4356 δ
680 4293 724 4355 δτι
735 4301 765 4354 in
777 4299 803 4354 H
814 4300 918 4355 radiort
931 4301 936 4368 l
951 4300 970 4353 4
988 4294 1006 4354 3
1019 4301 1068 4354 καί
1080 4294 1159 4371 ἔλεγε
1174 4301 1262 4370 1111131
1278 4300 1330 4354 mit
1341 4301 1412 4366 dem,
1430 4317 1487 4354 was
1498 4300 1660 4369 vomngoh3

352 4383 430 4439 nicht
446 4401 611 4440 zusammen.
640 4383 800 4440 vielleieht:
824 4382 896 4441 ἀλλά
914 4379 1007 4456 ἔλεγε,
1029 4384 1085 4456 vgl.
1104 4384 1166 4438 Rus.
1186 4385 1248 4438 »sed
1264 4401 1376 4439 comem
1392 4383 1521 4439 δίαιόαίι.
1551 4385 1583 4437 In
1600 4382 1659 4438 FH:

352 4463 458 4538 ἔλεγον,
478 4469 533 4523 Pie.
545 4471 646 4525 δόσεις
665 4486 776 4524 carnem
793 4470 882 4538 ι’ρδίιιν
893 4469 1035 4534 vocitabat,
1054 4470 1113 4523 Per.
1127 4472 1291 4524 vermutebe:
1311 4467 1415 4526 οὐκοῦν
1434 4463 1473 4526 ἔλ.
1488 4471 1493 4537 Ι
1508 4469 1527 4524 6
1545 4469 1659 4536 δίδοταιζΙ

352 4551 416 4609 δότε
434 4553 460 4606 d.
473 4553 544 4609 HSS.
556 4573 583 4608 υ.
595 4555 698 4624 Auum,
713 4555 718 4622 l
736 4556 750 4610 7
770 4549 811 4620 ὡς
829 4548 892 4610 σῖδν
909 4575 940 4611 τε
958 4556 984 4609 d.
998 4555 1067 4608 HSS.
1080 4571 1106 4607 u„
1119 4556 1224 4625 Ausgg.
1239 4557 1243 4619 Ι
1259 4555 1297 4611 12
1317 4553 1405 4610 αίποῦ
1417 4555 1521 4609 Lomm.
1537 4554 1541 4621 Ι
1557 4553 1597 4608 28
1615 4549 1659 4607 διὰ

351 4636 463 4707 τοῦτου]
483 4639 545 4694 cin
556 4657 624 4709 mg.:
642 4637 716 4708 τάχα
733 4637 778 4694 διὰ
796 4637 907 4694 τοίτιυν
922 4642 926 4708 1
943 4639 980 4695 26
994 4631 1061 4712 Ἆρα
1079 4631 1130 4694 οῦν
1148 4639 1174 4692 H
1190 4642 1194 4707 Ι
1210 4639 1248 4694 80
1266 4635 1298 4694 ἐκ
1316 4639 1441 4706 ΔΒΟΡΗ,
1459 4633 1507 4694 έπὶ
1524 4637 1625 4692 3331.
