3642 5504
552 1191 642 1262 Briei
659 1191 714 1262 dos
732 1191 863 1262 Rufinus
884 1209 926 1260 au
947 1191 1071 1262 Paulus.

238 1382 331 1450 Alios
352 1385 481 1470 quidem
502 1405 598 1470 quam
619 1383 773 1468 plurimos
788 1383 891 1464 uideo,
913 1387 1041 1450 eumad
1056 1385 1159 1450 fontes
1174 1405 1211 1450 aa
1225 1385 1356 1452 flumina
1370 1385 1468 1452 libro·

152 1507 225 1552 rum
246 1485 405 1566 uenerint,
427 1485 534 1552 bibere
560 1485 689 1570 quidem
717 1489 750 1550 et
770 1483 856 1549 sitim
877 1483 1023 1567 propriae
1045 1484 1226 1568 cupiditatis
1249 1484 1387 1570 explere,
1412 1488 1469 1552 sed

151 1591 314 1652 mutorum
345 1583 529 1650 animalium
558 1607 646 1651 moro
677 1581 861 1650 eonenloere
887 1583 1020 1668 pedibus
1046 1583 1174 1668 poeula,
1200 1583 1316 1670 quibus
1342 1585 1467 1650 fuerant

150 1683 311 1764 delectati,
333 1689 365 1749 et
378 1683 498 1750 fluenta
510 1683 733 1769 limpidissima
747 1683 786 1748 ab
801 1683 873 1749 imis
888 1689 1047 1750 oommotu
1061 1685 1151 1750 uadis
1166 1683 1354 1768 probrorum
1368 1707 1467 1752 ooeuo

118 1789 316 1852 otemerare
358 1782 421 1850 Sed
450 1787 499 1864 tu,
520 1783 619 1850 Paule
645 1783 756 1864 frater,
782 1783 850 1868 qui,
874 1781 1107 1850 rationabiliter
1126 1783 1249 1864 sitiens,
1278 1785 1385 1852 breuis
1410 1785 1468 1851 otii

151 1883 217 1950 mei
239 1885 325 1968 apud
338 1883 505 1949 Patauium
519 1885 657 1969 amplam
672 1881 826 1968 (partem)
841 1887 961 1964 neotus,
982 1886 1058 1949 dum
1073 1883 1246 1950 uenerabili
1259 1883 1341 1968 patri
1355 1883 1467 1952 lebino

151 1983 278 2051 uisendi
300 1986 500 2050 redderemus
522 1983 638 2064 offioia,
659 2005 783 2050 summo
803 2006 823 2048 a
840 2005 891 2049 me
905 1983 1061 2050 desiderio
1075 1983 1257 2068 poposeisti,
1278 1989 1315 2049 ut
1332 1983 1392 2051 tibi
1410 1983 1467 2050 ali·

151 2083 233 2168 quid
263 2085 303 2148 de
329 2081 522 2150 meorum
552 2083 694 2150 fontibus
730 2083 943 2168 propinarem,
979 2083 1103 2168 suscipe
1138 2083 1265 2150 interim
1295 2084 1352 2150 has
1381 2085 1467 2150 Ads·

149 2183 267 2249 mantii
297 2183 527 2268 disputationes
557 2183 591 2248 in
619 2183 753 2249 latinum
784 2203 905 2262 uersas,
935 2205 1014 2268 quas
1040 2183 1207 2248 aduemrm
1232 2181 1351 2250 multos
1372 2181 1468 2250 simul

104 2293 134 2346 10
149 2283 330 2348 haeretieos
351 2283 464 2348 habuit
484 2283 602 2349 arbitro
624 2283 810 2368 presidente,
831 2283 971 2368 quinque
992 2283 1145 2348 immanes
1165 2281 1282 2348 bestias
1303 2281 1390 2349 solus
1412 2305 1464 2348 ex·

149 2401 301 2468 pugnans
322 2387 355 2448 et
375 2383 596 2468 eougressioue
618 2383 830 2449 famosissima
850 2380 1064 2466 speetuoulum
1086 2383 1213 2462 mundo,
1236 2387 1268 2448 et
1288 2381 1411 2467 augelis
1433 2385 1466 2448 et

150 2481 345 2562 hominibus,
366 2483 476 2550 iectus
517 2481 555 2548 Iu
577 2482 692 2568 quibus
712 2481 906 2568 perspioiens
927 2481 1116 2548 assertiones
1137 2479 1213 2557 eius,
1233 2501 1290 2564 per
1310 2501 1390 2566 quas
1411 2481 1464 2546 uel

150 2581 331 2650 haeretiooe
357 2583 397 2646 ad
422 2585 606 2668 dogmatum
627 2581 806 2664 nentatem,
831 2583 883 2648 uel
904 2581 1039 2668 gentiles
1060 2581 1218 2648 eouuertit
1237 2581 1277 2644 ad
1298 2579 1407 2660 fidem,
1433 2585 1465 2646 et

151 2681 369 2761 eonsiderans,
390 2704 487 2767 quam
508 2681 670 2764 natholiae,
692 2703 787 2768 quam
808 2681 930 2768 integre
952 2679 1155 2747 aeclesiastici
1176 2679 1334 2766 dogmatis
1355 2679 1464 2746 defen·

103 2797 133 2850 15
150 2801 209 2848 sor
229 2779 396 2862 exstiterit,
416 2781 564 2862 arbitror,
588 2785 674 2868 quod
694 2781 822 2848 suinum
843 2786 875 2847 et
895 2780 1049 2846 foetidum
1071 2781 1270 2864 quorundam
1290 2779 1404 2844 uitium
1425 2780 1464 2844 de

151 2879 376 2946 ooneuloandis
398 2881 567 2948 uerborum
582 2881 761 2966 margaritis
776 2886 809 2947 et
822 2880 1004 2965 rumpendis
1019 2879 1201 2946 dootoribus
1215 2879 1422 2964 perhorrobie.

240 3043 345 3112 (Dieaer
361 3044 440 3101 Briei
453 3045 490 3102 ist
506 3045 535 3100 in
558 3045 607 3102 der
623 3043 676 3102 HS.
695 3045 744 3102 der
761 3045 968 3116 Uebersetuung
985 3043 1234 3116 roreusgesubiekt
1269 3046 1323 3100 Am
1340 3041 1465 3102 Sohlueer

152 3127 278 3200 hplioit
294 3127 433 3202 prologus
451 3159 485 3170 -
503 3129 535 3200 Β)

240 3265 259 3322 d
276 3263 332 3320 Das
349 3281 384 3320 su
397 3263 550 3336 amplam«
564 3265 697 3338 gehdrige
709 3264 870 3322 Substantiv
887 3265 959 3322 fehlt
970 3265 1009 3320 im
1020 3263 1088 3322 θοὰ.
1112 3263 1148 3319 Fa
1160 3281 1234 3320 murs
1248 3265 1384 3337 ›partem‹
1398 3261 1465 3320 oder

151 3347 226 3404 noh
250 3347 434 3420 »portionem«
464 3367 590 3420 geveaou
614 3349 682 3406 sein.
720 3347 785 3422 Vgl.
801 3350 832 3406 in
849 3351 943 3421 Besug
965 3349 1015 3404 aut
1036 3347 1086 3404 das
1102 3347 1216 3404 letatere
1233 3349 1327 3406 quen.
1343 3347 1400 3404 ean
1418 3347 1465 3412 lx,

154 3433 206 3490 127
215 3431 246 3488 t:
261 3431 446 3504 »minume
456 3433 621 3492 breuissima
631 3433 708 3490 uitae
720 3435 836 3506 portio«.
854 3433 944 3504 (Disse
953 3431 1036 3504 Konj.
1045 3431 1195 3504 betriadigt
1206 3431 1291 3488 nieht
1311 3429 1463 3502 »amplam«

152 3516 329 3588 istkorrupt3
346 3517 596 3586 wauluensei,
613 3519 807 3590 istungerrirs.
824 3517 1023 3588 —mmmt
1042 3517 1177 3588 »susoipec
1197 3514 1466 3588 nugonem-spari

153 3601 201 3658 ein
217 3617 302 3658 neum
319 3601 384 3658 ean
403 3619 447 3658 au
465 3633 498 3644 —
518 3601 617 3670 utro
634 3601 700 3660 cod.
717 3603 832 3660 arbimio
848 3603 993 3660 residente
1018 3601 1083 3674 Vgl.
1099 3601 1187 3674 Spart
1205 3601 1289 3658 Hadr.
1307 3603 1353 3668 13,
1375 3603 1465 3656 Amm

155 3685 239 3744 Maru
256 3685 329 3754 XIV,
346 3689 372 3752 9,
385 3687 410 3742 3.
433 3685 533 3754 XXVI,
552 3689 639 3756 10,10
656 3685 821 3760 (presidente
837 3717 871 3730 -
882 3687 915 3754 B)
930 3689 936 3756 1
951 3687 991 3744 1⁶
1009 3685 1075 3744 Oed
1094 3685 1250 3758 margaritis
1268 3702 1284 3742 s
1300 3683 1466 3758 rumpendis.
