3744 5524
194 515 305 586 Caspari
323 516 348 570 II
366 532 389 572 e.
407 518 431 572 3.
449 519 474 570 4.
788 515 899 586 Dialog.

277 690 331 750 Ad.
352 690 392 749 ct:
421 684 606 762 Quomodo?

275 790 365 850 Mare.
388 790 427 850 et:
461 784 543 862 Quia
562 786 665 851 bonus
687 787 820 850 salutem
842 785 975 864 confert,
995 783 1098 850 malus
1116 784 1413 851 condemnationem.

276 889 331 948 Ad.
352 890 391 950 ct:
414 885 494 962 Quia
516 904 590 970 ergo
612 884 746 950 salutem
767 884 886 963 tribuit,
907 886 1009 950 bouus
1032 885 1166 950 dieitur?

275 989 365 1049 Mure.
386 989 426 1049 dr
448 983 491 1049 Et
512 985 655 1064 maxime,
675 985 752 1049 boni
774 983 890 1048 etenim
913 989 960 1049 est
981 983 1114 1080 salutem
1135 985 1291 1068 praebere.

159 1096 176 1150 5
276 1087 330 1147 Ad.
345 1087 386 1150 d:
408 1083 511 1150 Causa
524 1103 599 1168 ergo
614 1084 764 1150 bonitatis
778 1083 860 1162 huie,
879 1105 974 1168 quem
987 1084 1106 1149 bouum
1121 1081 1233 1163 diuitis,
1248 1083 1308 1148 en't
1321 1085 1373 1150 hie
1386 1083 1496 1150 melus.

276 1186 366 1248 Mare.
388 1188 426 1248 dr
457 1183 644 1260 Quomodo?

275 1286 329 1346 Ad.
351 1288 390 1348 d.:
417 1282 505 1362 Quia,
524 1283 586 1348 nisi
604 1284 697 1349 huius
716 1283 792 1348 meli
810 1281 959 1348 creatoris
978 1281 1121 1347 homines
1140 1281 1354 1366 deliquissent,
1379 1305 1496 1368 nequa·

193 1401 288 1464 quam
309 1379 395 1446 illius
416 1383 540 1448 bonitas
566 1386 742 1466 appareret,
768 1387 800 1447 et
825 1382 910 1460 ideo,
937 1381 998 1446 nisi
1019 1380 1153 1446 fuissent
1173 1386 1366 1464 peooatores,
1394 1405 1497 1467 neque

192 1479 293 1545 bouus
314 1479 369 1546 ille
387 1481 499 1548 fuisset
520 1483 705 1566 appellatus.
739 1482 801 1547 Sed
823 1481 936 1547 etheo
957 1481 1134 1546 ostenditur
1155 1483 1237 1564 quod
1263 1503 1301 1546 ex
1321 1482 1413 1548 initio
1433 1503 1495 1546 uon

142 1589 176 1643 10
193 1579 287 1644 fuerit
308 1579 418 1662 bonus,
440 1581 467 1646 si
489 1603 527 1646 ex
549 1604 586 1647 eo
609 1583 694 1666 quod
716 1580 850 1647 salutem
871 1583 1010 1663 praestat
1028 1581 1131 1645 bouus
1153 1580 1276 1647 dieitur.

275 1685 425 1747 Marad:
456 1680 586 1765 Semper
607 1684 655 1746 est
675 1681 785 1747 bonus.

276 1784 330 1844 Ad.
351 1785 391 1844 d:
412 1780 544 1857 Quando
567 1781 728 1846 deseendit
749 1779 871 1846 saluere
892 1779 1055 1846 homines?

274 1883 431 1946 Marad:
471 1879 561 1946 Siout
590 1880 742 1963 seriptum
772 1884 820 1944 est
849 1879 882 1944 in
912 1878 1093 1964 euangelio,
1124 1902 1205 1947 anuo
1232 1881 1344 1964 quinto
1375 1880 1496 1945 deeimo

193 1974 312 2043 Tiberii
334 1977 483 2061 Caesaris,
504 1980 700 2064 temporibus
721 1978 826 2046 Pilati.

142 2095 175 2147 15
276 2083 330 2143 Ad.
345 2084 383 2144 ct:
410 2079 543 2163 Exque
565 2078 734 2164 plasmauit
755 2083 876 2145 oreator
896 2079 956 2145 iste
976 2077 1137 2144 homiuem
1158 2079 1192 2142 iu
1213 2082 1302 2142 sexta
1324 2077 1374 2142 die
1396 2100 1496 2162 usque

193 2177 233 2239 ad
254 2177 400 2260 quintum
421 2178 578 2244 decimum
599 2200 716 2243 annum
733 2177 866 2258 Tiberii,
893 2200 955 2262 quo
982 2178 1144 2244 deseendit
1168 2179 1209 2241 ad
1229 2178 1392 2243 hominum
1413 2177 1496 2242 selu-

193 2280 268 2354 tem,
288 2279 398 2360 utique
419 2279 452 2342 in
474 2277 560 2344 omni
580 2277 637 2343 illo
659 2277 813 2361 superiori
834 2282 975 2361 tempore
995 2278 1153 2343 neminem
1175 2277 1320 2343 saluauit
1354 2275 1397 2342 Et
1419 2299 1496 2362 quo·

192 2378 286 2441 modo
309 2381 375 2441 erat
395 2378 519 2442 bonus?

274 2481 363 2540 Maro.
385 2482 424 2543 ct:
454 2475 583 2560 Semper
603 2477 666 2542 fuit
685 2478 796 2543 bonus.

141 2589 176 2644 20
276 2581 361 2641 Eotr.
382 2577 424 2642 d.:
448 2575 519 2642 Ais:
540 2575 603 2642 Pro
625 2598 662 2642 eo
685 2580 770 2661 quod
791 2575 924 2642 salutem
944 2579 1091 2658 praestet,
1112 2575 1214 2641 bonus
1237 2574 1364 2655 diuitum
1386 2574 1494 2640 fateris

193 2678 298 2738 autem
323 2678 359 2738 tu
384 2675 451 2759 ipse
481 2678 566 2760 quod
594 2676 654 2752 sub,
678 2675 804 2742 Tiberio
826 2674 958 2741 Caesare
984 2677 1023 2739 ed
1050 2673 1237 2740 soluendum
1262 2676 1438 2755 deseendit,
1464 2679 1497 2740 et

193 2777 312 2838 eertum
343 2778 390 2840 est
425 2777 510 2859 quod
537 2796 575 2840 ex
601 2796 665 2858 quo
691 2776 826 2841 salutem
851 2775 1021 2860 praestitit,
1052 2797 1089 2839 ex
1116 2795 1152 2839 eo
1180 2773 1310 2840 sortitus
1332 2779 1380 2839 est
1402 2775 1496 2840 etiam

192 2873 382 2940 uocabulum
403 2875 487 2941 boni

276 2995 301 3039 o
322 2974 385 3044 lv.
423 2980 478 3040 Au.
493 2980 532 3040 d:
555 2974 589 3040 Si
606 2997 663 3059 pro
686 2998 723 3040 eo
746 2976 832 3060 quod
853 2974 987 3039 salutem
1001 2976 1139 3057 praestat
1160 2975 1212 3038 hio
1233 2973 1335 3040 bonus
1358 2977 1497 3054 uooatur,

141 3081 175 3138 25
194 3093 319 3138 neeesse
335 3077 382 3139 est
401 3073 496 3138 etiam
514 3074 642 3155 malum,
664 3075 720 3159 qui
741 3079 863 3140 ereetor
883 3077 939 3153 est,
960 3074 1078 3139 bonum
1099 3072 1250 3156 intellegi.
1283 3072 1392 3138 Multis
1415 3073 1498 3139 euim

194 3178 225 3237 et
254 3173 321 3256 ipse
351 3173 486 3240 salutem
514 3178 661 3259 praestet,
693 3175 775 3240 sieut
804 3173 854 3238 lex
889 3173 1058 3256 pollicetur
1087 3176 1119 3236 et
1147 3173 1327 3256 prophetae.
1378 3172 1498 3250 Quodsi

193 3276 326 3356 uterque
352 3295 460 3339 eorum
485 3275 617 3340 salutem
644 3278 818 3358 praestant,
846 3295 901 3339 our
926 3295 990 3338 non
1017 3277 1149 3356 uterque
1170 3271 1316 3337 similiter
1337 3272 1499 3351 habentur,

193 3375 249 3437 sed
270 3371 350 3436 alius
373 3373 500 3457 quidem
521 3375 632 3454 melus,
655 3373 736 3438 alius
757 3377 863 3439 autem
883 3373 985 3440 bonus
1007 3372 1098 3438 uobis
1119 3374 1264 3437 uidetur?

275 3479 366 3539 Maro.
387 3479 426 3539 rt:
455 3473 563 3539 Bonus
594 3473 740 3540 omnibus
769 3475 872 3539 bonus
903 3477 962 3552 est,
993 3475 1116 3540 creator
1142 3476 1249 3537 autem
1280 3473 1324 3536 eia
1360 3472 1415 3555 qui
1440 3471 1510 3556 Sibi,

143 3581 177 3636 30
194 3573 412 3655 obtemperant
432 3573 601 3656 pollicetur
623 3573 765 3638 salutem.

277 3677 332 3736 Ad.
355 3677 394 3736 et:
428 3672 537 3740 Bonus
564 3694 672 3740 omues
699 3673 812 3746 saluat,
843 3676 874 3736 et
903 3673 1076 3738 homicidas
1105 3677 1136 3736 et
1162 3671 1334 3750 adulteros,
1364 3672 1420 3734 aut
1449 3691 1501 3734 eos

193 3775 412 3839 tantummodo
435 3773 490 3856 qui
512 3773 541 3837 ei
562 3773 769 3852 erediderunt,
796 3793 848 3838 eos
871 3771 926 3854 qui
952 3775 991 3836 ad
1013 3793 1047 3837 se
1069 3771 1258 3856 confugiunt
1278 3769 1385 3836 saluos
1407 3769 1501 3834 feeit?

272 3877 363 3936 Eutr.
378 3877 417 3936 ct:
440 3871 474 3936 Si
491 3875 624 3955 uterque
640 3871 895 3956 confugientibus
911 3875 950 3935 ad
970 3894 1003 3938 se
1025 3870 1159 3936 salutem
1180 3869 1300 3948 tribuit,
1322 3869 1502 3934 resistentes

194 3990 269 4035 uero
297 3975 328 4035 et
354 3969 534 4037 incredulos
561 3970 668 4046 abioit,
700 3993 780 4054 quae
802 3969 978 4036 differentia
1005 3975 1052 4037 est
1072 3970 1148 4037 boni
1170 3975 1201 4036 et
1221 3969 1306 4048 mali,
1328 3967 1383 4032 ubi
1404 3989 1502 4031 unum

144 4076 176 4129 35
194 4073 289 4154 atque
309 4070 393 4134 idem
414 4071 578 4155 utriusque
599 4072 800 4154 propositum
824 4073 1062 4136 demonstratur.

276 4174 424 4235 Marad:
457 4171 566 4236 Bonus
595 4171 638 4236 eis
670 4170 725 4254 qui
750 4169 811 4235 sibi
841 4173 971 4234 eredunt
1001 4169 1135 4235 salutem
1161 4168 1284 4246 tribuit,
1312 4170 1502 4232 nontamen

283 4421 302 4478 5
321 4422 446 4492 Casperia
462 4421 663 4493 Fragezeiohen
680 4421 752 4476 uaeh
771 4420 891 4475 »malus«
912 4421 984 4476 habe
1001 4421 1046 4476 ioh
1062 4419 1171 4490 getilgt.
1190 4421 1258 4475 -B
1274 4423 1278 4488 Ι
1297 4422 1311 4475 7
1332 4419 1398 4475 Cod.
1416 4419 1504 4474 delin-

199 4505 328 4574 quissent.
347 4507 414 4560 -B
434 4507 439 4575 1
459 4507 496 4562 27
517 4506 582 4561 Cod.
600 4505 756 4561 habeantur
775 4507 778 4572 t
800 4505 890 4569 82l88
913 4506 954 4559 Im
971 4506 1020 4560 lat.
1037 4505 1067 4558 Τ.
1086 4505 1123 4558 ist
1146 4504 1206 4558 eine
1227 4503 1301 4559 Zeile
1326 4503 1506 4574 ansgefallen.

198 4590 256 4646 Gn:
280 4592 347 4645 MK.
369 4589 439 4656 Τοὺς
457 4589 691 4661 προσφεύγοντας
709 4587 786 4664 αὐτῷ
810 4588 931 4656 τούτους
951 4586 1044 4658 σώζει.
1080 4589 1150 4642 Duas
1168 4589 1229 4643 Rus.
1251 4589 1289 4643 sie
1306 4589 1417 4654 kannte,
1439 4587 1508 4657 geht

197 4690 246 4729 aus
267 4675 305 4729 »si
322 4679 436 4743 uterque
454 4675 690 4745 confugientibus«
710 4674 816 4731 berver.
835 4705 868 4713 —
886 4675 916 4728 Β.

251 4759 418 4804 Adamantius.
1274 4761 1290 4814 5
