3744 5524
334 509 373 569 94
906 493 1096 548 Adamantius.
1303 490 1344 544 De
1362 488 1390 544 ln
1407 489 1466 544 Rue
1483 490 1510 543 11
1527 491 1609 548 8321).
1629 507 1644 544 c

334 657 542 749 παραδόξοις
573 655 789 744 ἀποδείξεσιν.
832 651 1008 739 δέλθῶν,
1041 649 1090 737 ῶς
1116 656 1212 742 ἔφης,
1244 659 1341 725 λῦσαι
1368 651 1432 723 τὸν
1458 649 1565 741 νόμον
1588 661 1642 723 καὶ

336 767 414 846 ξένα
439 765 658 848 δογματίζων,
681 760 840 844 ἔφασκεν·
863 757 905 825 έν
926 757 984 824 ἔτι
1007 778 1071 826 σοι
1092 762 1220 824 λείπει
1243 753 1306 822 ἵνα
1327 759 1476 841 κομίσῃ
1497 761 1644 840 θησαυ-

336 859 408 948 ρὸν
438 863 480 930 έν
511 854 686 948 ούρανῶ;
716 854 843 928 οὐκοῦν
875 859 1052 944 τηλαυγῶς
1079 853 1120 925 τὸ
1148 855 1184 923 έν
1210 859 1284 922 τῶν
1313 857 1448 922 λοιπῶν
1475 848 1644 940 πλήρωμα

338 955 551 1048 ἀπεφήνατο,
582 954 675 1028 πάνυ
695 956 758 1046 γὰρ
773 949 842 1026 ’καὶ
863 949 883 1026 ὁ
905 951 1098 1034 ἀπόστολος
1119 951 1254 1044 συνᾴδει
1276 958 1327 1041 τῷ
1350 947 1442 1040 λόγῳ
1465 948 1580 1034 τούτῳ
1603 951 1643 1022 τὸ

303 1073 319 1126 5
338 1061 375 1127 ἓν
397 1063 471 1127 τῶν
492 1063 636 1128 πολλῶν
658 1053 825 1146 πλήρωμα
847 1059 1036 1142 ἐκθέμενος,
1061 1052 1125 1140 τὴν
1147 1049 1289 1141 ιίγάπην.

306 1182 321 1218 0
420 1163 488 1227 ΑΔ.
524 1153 763 1244 Πρωτότυπον
785 1149 946 1243 ὁμολογεῖ
965 1147 984 1223 ὁ
1007 1147 1202 1234 άπόοτολος
1224 1151 1287 1222 τὸν
1301 1146 1409 1240 νόμον
1432 1156 1494 1221 τοῦ
1516 1147 1645 1238 εὐαγγε-

338 1266 422 1340 λίου,
438 1261 563 1344 λέγων·
585 1261 713 1326 ταῦτα
735 1260 804 1344 μὲν
827 1251 954 1334 τύπος
976 1256 1209 1336 συνέβαινεν
1228 1255 1412 1334 ἐκείνοις,
1435 1246 1587 1338 ἐγράφη
1606 1255 1644 1319 δὲ

339 1355 438 1443 πρὸς
460 1361 679 1426 νουθεσίαν
700 1349 818 1442 ἡμῶν.

424 1463 499 1524 MK.
537 1450 605 1541 Οὐχ
619 1447 730 1536 οὕτως
745 1458 939 1541 γέγραπται,
957 1454 1013 1538 [οὐ]
1030 1457 1116 1538 λέγει
1131 1446 1207 1540 γάρ·
1229 1445 1339 1520 ταῦτ’
1354 1446 1516 1531 άτύπιος
1538 1453 1646 1518 συνέ-

290 1571 323 1624 10
340 1564 477 1640 βαινεν
499 1559 685 1636 ἐκείνοις,
707 1549 862 1640 ἐγράφη
886 1555 926 1622 δὲ
948 1549 1048 1639 πρὸς
1070 1555 1287 1621 νουθεσίαν
1308 1544 1428 1638 ἡμῶν.

430 1723 485 1792 ίί8]
506 1726 517 1776 l
534 1723 593 1777 Cor.
608 1725 651 1780 10:
667 1727 706 1778 11.

427 1875 443 1929 l
464 1870 641 1938 ἀποδείξεσιν
659 1871 736 1942 Conj.
755 1871 902 1938 Wetteisse,
925 1869 1097 1936 ἀποτάξεσιν
1120 1870 1146 1923 d.
1165 1869 1235 1923 HSS.
1259 1871 1263 1936 1
1288 1870 1307 1924 2
1325 1863 1450 1939 ἔφασκεν
1467 1864 1516 1924 ἄν·
1544 1861 1585 1924 ἔτι
1602 1887 1648 1924 σοι

337 1960 434 2014 Ιλείπει
451 1956 632 2023 nomnen,
655 1951 699 2026 έφ.
717 1951 758 2012 ἔτι
779 1974 803 2012 σ.
823 1952 854 2012 ἓν
871 1961 895 2012 λ.
912 1957 944 2024 Β,
969 1956 1072 2010 »adduc
1089 1972 1192 2008 unum«
1212 1955 1274 2008 Rus.
1292 1954 1349 2009 Pie.
1372 1957 1377 2022 Ι
1400 1955 1503 2023 κομίση
1521 1953 1648 2019 neum,

344 2043 465 2111 κομίσης
476 2041 502 2095 d.
512 2043 571 2096 dbr.
586 2043 591 2108 Ι
606 2042 665 2097 M.
677 2043 709 2095 ln
718 2057 834 2095 nneeren
843 2041 914 2095 HSS.
923 2041 1070 2095 lenbetder
1076 2040 1158 2094 Text:
1172 2041 1300 2110 Μᾶρκος.
1315 2035 1371 2108 Οὐχ
1381 2033 1471 2103 οίίτινς
1479 2036 1648 2110 γέγραπται·

346 2125 380 2182 οὐ
401 2125 477 2198 λέγει
498 2123 554 2197 γὰρ
577 2133 664 2181 ταῦτα
687 2124 775 2190 τύπος
797 2123 960 2197 συνέβαινεν
982 2121 1102 2190 έκείνοις
1124 2120 1234 2196 έγράφη
1256 2123 1286 2180 δὲ
1307 2122 1380 2196 πρὸς
1397 2124 1551 2179 νουθεσίαν
1568 2123 1649 2193 ἡμῶν

342 2209 417 2282 λέγει
436 2209 466 2267 δέ
483 2212 549 2280 περί
566 2207 682 2266 έκείνιυν
700 2206 731 2265 έν
749 2204 792 2276 οίς
810 2207 826 2264 δ
844 2209 914 2276 θεὸς
925 2217 978 2265 τοῦ
996 2207 1101 2274 αἰῶνος
1112 2206 1214 2264 τούτου
1232 2205 1374 2277 έτύφλιυσε
1392 2206 1426 2262 τὰ
1445 2209 1574 2277 νοήματα
1592 2203 1648 2264 κτέ.

343 2297 406 2350 Wie
419 2295 538 2349 nicheus
549 2295 634 2350 Rui’e
645 2284 741 2350 Ubere.
754 2295 869 2366 ergiebt,
887 2297 986 2366 gehdrd
996 2295 1068 2350 8660
1086 2294 1155 2347 ποία
1168 2324 1200 2330 -
1212 2292 1286 2347 871ίι
1304 2294 1434 2361 νοήματα
1447 2299 1506 2347 τῶν
1523 2289 1649 2348 ἀπίστων

344 2381 480 2435 zwischen
502 2377 574 2452 πρὸς
596 2381 749 2435 νουθεσίαν
772 2379 853 2448 ἡμῶν
874 2399 900 2434 ιι
918 2380 994 2448 λέγει
1016 2377 1046 2434 δὲ
1068 2379 1134 2448 περί
1155 2373 1195 2432 έκ.
1226 2377 1288 2447 vgr.
1307 2377 1379 2431 Einl.
1397 2379 1413 2445 ἓ
1430 2380 1455 2433 9.
1491 2377 1528 2432 Εε
1545 2381 1651 2448 gendgt

344 2466 410 2520 aber
427 2463 515 2530 nieht,
546 2463 639 2518 dienen
657 2463 783 2518 Bldttern
805 2465 865 2518 ihre
882 2462 1090 2533 ursprdngliche
1107 2461 1193 2515 Stelle
1209 2461 1447 2531 wiederzngeben‚
1469 2461 1521 2516 wir
1541 2467 1650 2517 mdeeen

346 2551 416 2604 anch
435 2547 526 2618 einige
543 2547 641 2602 Fehler
658 2549 827 2612 rothensem,
844 2547 889 2603 die
906 2547 936 2601 in
953 2545 1007 2601 den
1018 2547 1089 2601 Text
1105 2545 1237 2615 geriem,
1254 2545 1318 2599 weil
1329 2545 1512 2601 Absehreiber
1528 2545 1574 2601 die
1591 2549 1650 2601 ent·

344 2632 478 2688 standene
500 2633 592 2687 delre
613 2650 647 2686 nn
669 2632 822 2687 verdecken
844 2631 902 2686 einh
927 2631 1092 2685 beedrebten.
1128 2629 1220 2684 Wenn
1244 2629 1295 2684 wir
1321 2629 1365 2682 die
1390 2629 1506 2698 disjecta
1530 2631 1654 2686 membre

345 2717 447 2774 wieder
469 2717 638 2788 vereinigen,
662 2716 769 2786 ergiebt
791 2716 849 2771 einh
866 2715 1012 2787 folgender
1028 2716 1111 2770 Toxi:
1138 2715 1206 2769 MK.
1239 2711 1294 2783 Οίνγ
1313 2707 1404 2780 οὕτως
1420 2715 1591 2788 γέγραπται·
1619 2714 1653 2772 οὐ

344 2802 421 2872 λέγει
441 2800 510 2874 γάρ·
537 2809 625 2856 ταῦτα
648 2800 736 2866 τύπος
758 2802 921 2873 συνέβαινεν
945 2798 1075 2866 έκείνοις,
1102 2797 1212 2870 έγροίφη
1235 2798 1265 2854 δὲ
1287 2797 1359 2869 πρὸς
1383 2801 1538 2855 νουθεσίαν
1563 2799 1652 2870 ἡμῶν.

346 2887 415 2942 ποία
433 2884 490 2958 γὰρ
508 2883 665 2941 ἀκολουθία
684 2881 823 2959 ἐντούτῳ
841 2886 975 2960 τῷλόγῳ
994 2883 1138 2953 σώζεσθαι
1152 2882 1267 2938 δίυαται
1287 2879 1380 2956 (Εὐτρ.
1403 2883 1479 2938 Ποία
1500 2879 1579 2940 ἀκολ.
1597 2881 1652 2941 md.

346 2972 415 3038 AB¹,
438 2967 521 3042 Εὔτρ.
544 2971 613 3025 ποία
631 2967 688 3040 γὰρ
706 2965 786 3025 ἆκολ.
805 2965 861 3025 nd.
881 2970 934 3040 Οἱ.)
969 2971 1004 3024 So
1026 2970 1102 3023 kann
1125 2968 1191 3022 aber
1211 2967 1261 3021 der
1281 2968 1354 3022 Verf.
1377 2967 1456 3022 nieht
1477 2969 1654 3038 geschrieben

346 3055 444 3110 haben.
480 3054 595 3108 Werum
619 3051 654 3109 οὐ
670 3051 747 3123 λέγει
765 3052 822 3126 γὰρ
839 3057 909 3108 etati
925 3051 960 3110 ού
976 3052 1033 3125 γὰρ
1050 3052 1147 3124 λέγειλ
1176 3051 1244 3106 Wen
1262 3052 1316 3108 soll
1335 3051 1384 3107 dne
1401 3049 1457 3124 γὰρ
1476 3055 1547 3108 nneh
1565 3057 1654 3110 nola?

346 3141 402 3194 Min
419 3141 488 3195 ποία
506 3155 580 3193 muer
598 3137 660 3192 eine
676 3154 747 3192 nene
758 3137 833 3192 Rede
850 3139 998 3208 endingen,
1016 3139 1077 3194 eine
1088 3136 1269 3206 Erwiderung
1285 3137 1336 3190 anf
1350 3136 1395 3191 die
1407 3137 1591 3209 Behnnptnng
1607 3138 1655 3194 dee

348 3226 465 3279 Marone.
501 3222 563 3276 Von
581 3222 630 3277 der
646 3221 784 3291 riehtigen
801 3221 1005 3278 Laertiaden
1023 3223 1092 3276 ABG
1110 3222 1182 3277 noeh
1194 3222 1299 3292 Spnren
1316 3221 1447 3284 bewe-hrt.
1465 3223 1592 3278 vollende
1608 3224 1654 3278 be·

346 3309 422 3364 lehrt
439 3325 490 3362 uns
507 3307 575 3361 iiber
592 3306 647 3362 den
664 3307 777 3360 wahren
795 3305 975 3361 Seehverhnlt
996 3307 1041 3361 die
1058 3295 1250 3376 Uberseinnng
1266 3305 1313 3359 dee
1330 3307 1451 3362 Rufinus.
1486 3307 1545 3362 Ans
1559 3308 1655 3364 deenen

347 3391 489 3448 Antoriidt
507 3391 617 3446 fursend
635 3391 685 3445 het
702 3389 778 3444 Znhn
794 3391 929 3456 vereneht,
950 3391 1004 3446 den
1021 3389 1215 3446 dberlieferten
1231 3391 1302 3444 Text
1318 3409 1353 3445 nn
1369 3391 1537 3447 verbeesern.
1574 3393 1655 3448 »Der-

348 3477 443 3542 naeh«,
462 3495 492 3532 εο
511 3475 632 3530 schreibt
648 3493 678 3531 er
691 3475 789 3530 desen
801 3476 848 3530 dee
860 3475 925 3531 Nn.
938 3477 1008 3530 Knn.
1020 3477 1047 3528 ΙΙ
1064 3493 1089 3546 p.
1102 3474 1154 3531 508
1166 3477 1255 3538 Anni,
1275 3479 1363 3530 »were
1380 3476 1429 3530 der
1440 3475 1527 3530 dureh
1537 3475 1656 3531 Bletier-

348 3565 512 3631 versetnnng
528 3559 670 3615 enteiellte
688 3578 728 3630 gr.
745 3561 814 3615 Text
832 3578 862 3616 εο
881 3559 983 3614 wieder
997 3559 1193 3616 heaustellen:
1216 3556 1267 3629 οὐχ
1286 3554 1376 3626 οὕτως
1393 3557 1552 3632 γέγραπται
1569 3558 1656 3634 ἐντῷ

348 3643 476 3718 ἡμετέρῳ
498 3642 678 3718 ἀποστολικῷ
701 3649 766 3712 (von
784 3645 865 3698 Rufin
881 3647 950 3699 stete
968 3644 1054 3700 durch
1074 3644 1197 3700 »Codex«
1215 3645 1364 3714 fibersetzt)
1382 3639 1444 3701 ἀλλ’
1461 3639 1552 3711 οὕτως
1568 3643 1656 3715 λέγει·

348 3735 438 3784 ταῦτα
455 3731 542 3802 χωρίς
560 3729 637 3798 (oder
653 3723 730 3796 ἄνευ)
753 3729 843 3786 τύποι·
862 3728 1026 3802 συνέβαινεν
1043 3726 1163 3796 έκείνοις
1179 3725 1251 3786 and.-
1283 3729 1486 3785 Einlenchiend
1499 3729 1601 3800 jedoeh
1621 3729 1659 3784 ist

350 3813 423 3867 dieee
435 3813 583 3882 Conjentnr
598 3813 776 3885 heineswegn.
806 3814 857 3869 Die
871 3813 1073 3885 Einscheltnng
1084 3810 1115 3870 έν
1127 3820 1167 3887 τῷ
1185 3813 1233 3883 ὴμ,
1246 3809 1295 3869 ἀπ.
1307 3813 1344 3869 iet
1354 3815 1481 3885 nnnffig,
1497 3815 1535 3869 dn
1544 3815 1658 3869 Rufinus

349 3897 408 3952 einh
431 3897 481 3952 anf
497 3897 576 3968 jeder
593 3897 667 3952 Seite
685 3897 805 3962 erlandi,
828 3899 883 3953 den
905 3917 945 3970 gr.
963 3899 993 3953 T.
1011 3917 1045 3954 nu
1062 3899 1206 3954 erweitern
1229 3899 1296 3954 oder
1313 3917 1347 3954 nn
1363 3899 1479 3966 himen,
1501 3899 1559 3954 und
1583 3898 1658 3954 »είιιο

350 3988 426 4052 typo·
455 3983 530 4037 kann
553 3982 609 4037 viel
631 3982 771 4038 einfeeher
792 3984 843 4038 σαί
862 3979 975 4048 ἀτίπως
997 3983 1211 4054 nundelrgeffihri
1232 3982 1354 4048 werden;
1380 3989 1469 4039 ταῦτα
1491 3982 1579 4050 τύπος
1601 3982 1659 4038 nnd

350 4061 428 4122 ταῦτ’
445 4064 560 4133 ἀτύπιυς
580 4067 643 4122 eind
666 4067 797 4123 einander
818 4069 874 4122 feei
895 4068 999 4138 gleich,
1026 4068 1082 4122 und
1100 4069 1163 4122 dass
1181 4064 1296 4134 ἀτύπως
1316 4067 1365 4122 der
1382 4067 1500 4140 riehiige
1517 4068 1599 4125 Wori
1615 4067 1658 4132 iri,

351 4151 459 4222 ergiebt
476 4150 534 4206 sieh
552 4169 601 4207 ane
619 4152 682 4207 dem
700 4151 848 4222 folgenden
866 4147 974 4219 ἄτοπος
990 4153 1021 4210 δὲ
1037 4153 1182 4208 νοιθεσία.

436 4235 505 4291 Dese
528 4233 562 4292 οδ
583 4253 633 4291 vor
655 4235 731 4307 λέγει
748 4235 804 4308 γὰρ
823 4237 926 4308 gerilgt
942 4237 1052 4292 werden
1069 4255 1155 4304 mure,
1177 4237 1215 4291 ist
1231 4235 1513 4292 selbstverstdndlich.
1548 4235 1598 4291 Ale
1616 4237 1660 4291 die

351 4324 477 4392 corrupte
495 4321 550 4376 LA.
567 4329 657 4377 ταῦτα
674 4319 764 4387 τύπος
781 4321 946 4377 enteienden
963 4337 1028 4384 war.
1049 4321 1193 4376 verenehie
1211 4321 1256 4377 ein
1273 4321 1463 4387 Abeehressrer‚
1481 4321 1535 4377 den
1552 4321 1660 4375 Unninn

351 4424 385 4460 zu
401 4405 575 4474 rothensem,
598 4407 671 4461 ohne
690 4405 736 4460 die
753 4405 920 4461 fehlerhnste
937 4405 1095 4477 Wortiolge
1113 4423 1146 4459 ιιι
1163 4406 1308 4462 ίιεειίιίειι.
1344 4406 1500 4462 Deneelben
1518 4405 1661 4477 Ureprnng

350 4489 402 4544 hai
419 4487 474 4562 γὰρ
493 4489 522 4542 in
539 4491 609 4546 ποία
627 4489 684 4563 γὰρ
702 4488 757 4556 δικ,
776 4491 825 4545 dne
842 4490 921 4546 nieht
938 4509 990 4545 nnr
1006 4490 1052 4546 bei
1069 4491 1139 4558 Rue,
1158 4491 1276 4547 eondern
1293 4491 1365 4546 ench
1382 4491 1412 4546 in
1425 4491 1486 4546 AB¹
1505 4489 1584 4546 fehle.
1612 4489 1661 4544 Ich

350 4572 425 4712 11:3⁰
442 4573 725 4714 erneifigeglnmmert,
743 4575 826 4631 sowie
844 4576 915 4630 ench
932 4577 983 4631 καί
999 4593 1049 4632 vor
1065 4579 1275 4632 νουθετεῖσθαι.
1305 4575 1341 4630 lde
1360 4575 1432 4630 fehlt
1444 4575 1508 4640 13¹0,
1527 4576 1597 4629 stadt
1613 4575 1662 4629 real

409 4675 443 4712 en
539 4679 545 4712 :
580 4677 631 4715 στι.
