3744 5524
169 471 294 544 Caspari
313 475 327 528 I
344 491 366 529 e.
385 473 427 530 26.
445 475 486 529 27.
782 474 892 544 Dialog.
1450 480 1489 542 53

168 644 311 708 domino
346 645 472 708 tradens
507 664 587 726 quae
622 664 679 706 sua
712 646 797 722 sunt,
832 647 881 723 ut,
915 645 1047 708 seientes
1084 641 1188 726 ipsum
1224 663 1292 706 esse
1327 645 1490 708 dominum

168 740 356 818 Christum,
383 765 447 808 non
468 742 571 808 solum
598 744 653 826 qui
678 744 767 808 uenit
793 745 849 808 sed
870 748 902 809 at
928 743 984 826 qui
1004 747 1156 808 uenturus
1179 746 1236 820 est,
1257 742 1311 807 diu
1333 764 1435 807 errare
1457 741 1491 806 in

168 839 288 925 aliquo
318 864 394 908 oues
419 866 438 906 a
463 865 539 908 uero
566 848 691 927 pastore
718 865 782 909 non
809 843 943 927 possint,
970 847 1001 908 et
1023 843 1067 907 ait
1088 845 1127 906 ad
1148 841 1236 908 illos:
1263 839 1311 908 lte
1337 863 1395 907 uos
1416 842 1489 924 ipsi;

167 963 229 1024 por
249 963 313 1008 uos
333 945 447 1022 audite,
469 943 544 1027 quia
564 943 631 1026 ipse
653 947 701 1008 est
722 965 786 1009 non
807 943 911 1009 solum
933 943 988 1026 qui
1009 942 1104 1021 uenit,
1132 945 1186 1007 sed
1209 945 1240 1006 et
1261 943 1316 1026 qui
1336 945 1489 1008 uenturus

130 1043 227 1106 5est.
274 1041 424 1126 Denique
444 1042 517 1107 uide
539 1041 656 1108 Christi
679 1043 796 1109 domini
818 1063 1010 1126 responsum.
1048 1040 1128 1107 Cum
1151 1063 1203 1106 eos
1224 1042 1338 1107 missos
1358 1041 1490 1106 uidisset

166 1144 211 1204 ad
234 1163 272 1206 se
297 1147 333 1206 ut
353 1141 430 1207 fides
452 1163 561 1207 eorum
583 1143 833 1221 eonfirmeretur,
855 1165 920 1208 non
940 1147 1005 1208 tam
1026 1141 1147 1221 uerbis,
1174 1143 1229 1206 sed
1251 1146 1294 1217 et,
1317 1143 1490 1224 quoderat

166 1239 314 1321 firmius,
346 1243 492 1325 operibus
523 1263 576 1307 eos
606 1243 741 1308 instruit
793 1241 938 1308 Ostendit
963 1263 1100 1326 namque
1127 1242 1171 1306 eis
1202 1242 1360 1324 quomodo
1387 1241 1487 1304 omnis

166 1343 323 1406 redderet
337 1342 449 1420 uisum,
464 1341 567 1407 surdis
582 1343 734 1422 auditum,
749 1341 868 1407 alaudis
883 1361 1034 1426 gressum,
1049 1343 1207 1426 quomodo
1222 1339 1339 1405 mortui
1356 1341 1487 1405 resusci-

166 1443 333 1518 tarentur,
356 1445 387 1505 et
413 1441 534 1508 addidit
559 1443 679 1507 disens:
711 1446 822 1506 Brutus
849 1447 903 1524 qui
926 1465 989 1506 nora
1011 1446 1105 1522 suerit
1128 1445 1348 1505 scandalizatur
1372 1445 1406 1504 r'rr
1432 1463 1487 1519 me,

113 1539 147 1594 10
167 1539 279 1605 sciens
312 1539 397 1624 quie,
424 1541 452 1606 si
476 1542 582 1606 uerbis
611 1541 726 1624 egisset
748 1563 820 1606 eum
840 1541 931 1624 ipsis,
957 1539 1102 1626 quamuis
1124 1543 1207 1605 esset
1227 1561 1329 1606 sermo
1352 1540 1486 1618 diuinus,

167 1637 291 1703 habere
317 1644 423 1705 tamen
449 1640 704 1706 oontredietionis
731 1645 786 1705 aut
811 1641 1016 1706 dubitationis
1038 1639 1158 1723 aliquid
1178 1640 1288 1724 possit
1330 1637 1486 1722 Operibus

166 1741 284 1804 autem
306 1741 425 1822 absque
446 1740 651 1825 ambiguitate
671 1739 789 1805 ueritas
811 1739 1041 1824 comprobetur.

258 1860 286 1904 o.
306 1837 464 1908 XXVII.
499 1845 572 1920 Moy.
586 1844 626 1905 d:
648 1839 687 1905 In
706 1843 829 1905 tantum
850 1838 982 1903 alienia
1001 1837 1126 1904 Christo
1148 1861 1282 1920 eramus,
1309 1839 1349 1903 ab
1371 1861 1407 1904 eo
1430 1840 1485 1924 qui

166 1939 335 2022 apparuit,
374 1943 405 2002 et
443 1961 568 2004 rursum
603 1936 745 2004 Christus
784 1962 802 2003 a
841 1943 979 2004 creatore
1015 1941 1087 2019 deo,
1130 1942 1167 2002 ut
1200 1937 1319 2004 Paulus
1354 1940 1484 2005 diceret:

113 2035 147 2090 15
169 2041 317 2104 Christos
336 2061 393 2103 noe
410 2042 539 2104 redemit.
570 2037 775 2104 Manifestum
791 2043 838 2104 est
858 2039 969 2122 utique
991 2037 1066 2122 quia
1087 2037 1220 2118 alienos;
1241 2041 1385 2121 proprios
1401 2038 1484 2104 enim

166 2158 267 2204 nemo
294 2159 434 2222 unquam
461 2139 543 2203 emit
587 2137 649 2203 Sed
676 2137 731 2202 ille
755 2138 871 2203 dieitur
898 2159 1000 2204 emere
1029 2137 1128 2221 quild]
1158 2139 1243 2221 quod
1266 2137 1403 2202 alienum
1427 2142 1483 2214 est,

168 2238 339 2321 proprium
360 2237 432 2302 uult
452 2237 575 2302 habere.
961 2255 964 2260 '

256 2341 313 2402 Ad.
335 2343 376 2404 d:
399 2335 500 2402 Uelde
518 2337 781 2420 inconsequenter
794 2337 871 2401 mihi
886 2356 977 2421 agere
992 2337 1117 2402 uideris
1154 2335 1188 2400 si
1210 2337 1293 2402 enim
1314 2337 1375 2402 hoo
1397 2341 1483 2420 quod

167 2435 342 2520 suspicaris
372 2436 505 2520 probare
531 2457 652 2519 posses,
682 2439 766 2501 reete
792 2436 825 2500 id
850 2437 989 2519 proferre
1017 2438 1180 2517 debueras3
1216 2436 1242 2500 si
1273 2457 1347 2501 uero
1375 2441 1481 2519 oaptes

113 2537 149 2593 20
170 2557 336 2601 sermones
358 2557 493 2620 quorum
514 2534 667 2600 rationem
689 2537 762 2600 dare
782 2559 846 2601 non
867 2537 982 2619 possis,
1008 2557 1071 2599 non
1092 2537 1261 2618 prudenter
1282 2534 1358 2618 agis.
1401 2533 1482 2611 Quia

171 2635 260 2699 enim
288 2641 460 2719 emptorem
487 2634 532 2698 ais
555 2657 622 2700 esse
644 2632 812 2713 Christum,
837 2633 888 2699 die
909 2634 1012 2700 nobis:
1043 2632 1198 2699 Uenditor
1224 2636 1295 2717 quis
1317 2635 1384 2700 est?
1414 2635 1482 2699 Aut

169 2757 239 2800 non
256 2734 346 2799 uenit
363 2739 402 2799 ad
423 2740 455 2800 te
474 2736 640 2818 antiquum
660 2735 862 2817 prouerbium
885 2733 959 2818 quia
984 2738 1044 2808 Qui
1057 2739 1161 2799 rendit
1174 2745 1201 2798 et
1216 2739 1270 2815 qui
1283 2739 1354 2798 emit
1372 2737 1481 2814 fratrea

170 2839 270 2898 eunt?
292 2833 325 2898 Si
339 2834 441 2899 malus
463 2834 607 2900 diabolus
625 2831 749 2899 Christo
770 2836 855 2899 bono
870 2833 1019 2912 uendidit,
1041 2833 1179 2899 nouerit
1200 2853 1275 2918 ergo
1293 2833 1402 2912 malus,
1424 2837 1479 2898 sed

169 2931 285 3013 honus,
308 2937 340 2998 et
361 2935 416 3016 qui
431 2936 470 2998 ab
485 2933 575 2999 initio
590 2933 747 2998 inuideret
760 2933 889 3012 homini,
910 2954 1001 3012 nuno,
1022 2937 1059 2998 ut
1074 2932 1159 3012 dieis,
1181 2932 1321 2998 inuidere
1336 2933 1478 3014 cessauit,

118 3035 152 3089 25
170 3032 198 3096 si
221 3033 272 3097 ius
294 3055 385 3098 suum
408 3037 439 3098 et
459 3033 690 3117 possessionem
711 3033 841 3098 tradidit
866 3035 950 3098 bono
972 3032 1110 3111 Christ03
1140 3055 1178 3097 ex
1204 3053 1267 3116 quo
1289 3037 1409 3098 eertum
1432 3039 1479 3100 est

169 3133 269 3198 etiam
299 3132 402 3216 ipsum
431 3133 551 3198 iustum
585 3133 704 3199 laetum
734 3155 801 3198 esse
832 3136 863 3196 et
891 3134 1021 3213 bonum,
1058 3133 1112 3216 qui
1139 3132 1368 3216 possessionem
1403 3132 1478 3198 mali

168 3231 334 3298 transtulit
355 3235 395 3296 ad
416 3233 578 3298 dominum
599 3235 724 3299 bonum.
760 3231 807 3316 (Si
821 3254 898 3297 uero
919 3251 1015 3316 negas
1037 3232 1214 3297 uendidisse
1234 3231 1401 3310 diabolum,
1423 3237 1479 3297 sed

168 3338 344 3398 creatorem
366 3334 472 3411 deum,
494 3355 587 3416 quem
608 3336 714 3397 tamen
734 3332 852 3396 iustum
875 3353 941 3396 esse
961 3333 1159 3415 pronuntias,
1181 3332 1259 3417 quid
1279 3332 1364 3399 ultro
1384 3335 1419 3398 in
1441 3355 1476 3400 eo

167 3432 309 3498 iustitiae
334 3432 533 3514 probabitur,
568 3431 596 3495 si
625 3453 679 3497 eos
711 3453 790 3516 quos
821 3431 887 3515 ipse
914 3431 1032 3496 fecerat
1062 3431 1116 3495 alii
1137 3432 1302 3497 distraxit?
1338 3431 1476 3498 sienim

117 3529 151 3583 30
167 3531 245 3598 boni
276 3535 366 3595 erant
398 3533 453 3615 qni
479 3531 744 3610 distrahebantur,
774 3529 909 3596 iniustus
940 3534 987 3595 est
1017 3531 1072 3615 qui
1098 3533 1198 3598 bonos
1225 3554 1345 3613 seruos,
1374 3532 1475 3617 pretio

168 3635 307 3714 aoeopto,
330 3631 407 3696 feeit
428 3631 559 3710 alienos;
594 3630 620 3694 si
641 3651 717 3695 uero
739 3629 839 3695 malos
861 3628 1013 3710 distraxit,
1035 3629 1239 3695 nihilominus
1261 3631 1395 3696 iniustus
1418 3633 1476 3698 erit

256 3797 304 3864 218
328 3797 372 3851 »in
390 3796 497 3865 aliquot
517 3797 642 3851 verstehe
664 3795 709 3851 ioh
727 3795 812 3852 nieht.
848 3797 960 3851 Sehrieb
978 3797 1040 3853 eur.
1057 3796 1200 3852 vielleioht
1223 3797 1267 3851 »iu
1288 3797 1418 3866 reliquo«,
1443 3802 1475 3854 st.

171 3883 216 3936 »in
234 3881 395 3951 reliquum«,
414 3880 439 3936 d.
452 3883 479 3936 h.
500 3881 614 3944 »fortem
637 3880 681 3934 ius
698 3879 863 3951 konnige‘r
881 3881 949 3936 -B
965 3883 968 3949 1
986 3881 1000 3938 l
1021 3881 1142 3951 iustruit]
1161 3881 1217 3936 Der
1235 3881 1299 3937 Cod.
1321 3881 1474 3948 »inseruit«,

166 3983 226 4021 was
247 3967 327 4021 nieht
346 3967 426 4022 reoht
442 3968 526 4037 parat
560 3965 616 4019 Der
632 3967 697 4020 Aoo.
715 3969 789 4020 utre
806 3965 884 4020 nieht
905 3965 1049 4037 anstdssig.
1079 3965 1104 4022 S.
1123 3966 1214 4022 Plaut.
1232 3966 1312 4020 Most
1332 3970 1354 4032 1,
1372 3967 1396 4030 3,
1414 3968 1447 4022 59
1471 3967 1474 4034 Ι

168 4051 235 4108 (lod
254 4051 293 4108 eis
310 4067 443 4120 namque,
464 4050 517 4105 mit
536 4050 584 4103 ›b‹
603 4050 671 4104 ther
692 4049 761 4104 ›eis‹
786 4050 843 4105 und
865 4067 912 4104 »a«
930 4052 999 4105 hber
1018 4044 1166 4120 ›namque‹
1191 4051 1196 4119 Ι
1219 4050 1236 4106 8
1255 4051 1320 4106 Cod.
1339 4051 1449 4106 reddert
1470 4054 1473 4117 Ι

170 4136 210 4192 14
229 4135 415 4206 codaparuit
430 4137 486 4203 116
504 4135 546 4188 Im
558 4133 624 4190 Cod.
637 4133 709 4188 fehlt
727 4133 815 4201 »quia
844 4134 923 4190 Doeh
941 4135 1032 4190 steeht
1043 4151 1072 4190 es
1089 4134 1272 4190 rialleiehtin
1293 4134 1398 4204 »quid«,
1417 4136 1475 4190 und

168 4220 205 4275 ist
223 4237 258 4274 zu
274 4221 362 4276 lesen:
388 4219 456 4274 »Sed
472 4219 521 4274 ille
539 4219 639 4273 dieitur
661 4235 758 4284 emere,
777 4219 848 4288 qui«.
879 4221 937 4289 (leh
953 4221 1025 4275 habe
1045 4219 1092 4274 »d«
1113 4219 1350 4289 eingeklammert.
1369 4221 1446 4286 —B)
1469 4220 1473 4286 1

170 4306 209 4362 la
227 4305 292 4362 (lod
304 4303 497 4376 ursprdnglieh
517 4302 708 4375 »suspiceres«,
727 4305 792 4358 aber
804 4303 856 4358 mit
871 4304 901 4358 in
920 4304 959 4358 »i«
973 4303 1121 4360 rediertom
1140 4321 1187 4358 ›a‹
1204 4305 1207 4371 1
1223 4303 1288 4359 Cod.
1303 4305 1405 4372 captas,
1422 4303 1474 4358 mit

170 4407 215 4444 »o«
235 4391 303 4445 dher
320 4389 382 4445 dem
400 4389 517 4444 zweiten
536 4405 582 4442 ›a‹
604 4391 609 4456 Ι
629 4389 669 4445 20
686 4389 782 4462 possis]
802 4389 837 4444 So
854 4388 902 4443 der
915 4389 979 4444 God.
1009 4389 1075 4444 Man
1093 4391 1221 4444 eruertet
1239 4389 1357 4456 »potes«.
1395 4387 1474 4442 Doeh

167 4473 236 4529 ltsst
252 4473 311 4529 sich
329 4474 400 4528 eueh
417 4473 465 4528 der
479 4473 652 4542 Konjunhtiv
670 4474 808 4530 erhldren:
832 4489 887 4528 von
904 4473 993 4529 denen
1011 4473 1048 4528 du
1065 4472 1147 4528 haine
1163 4473 1364 4528 Reehensohaft
1384 4472 1474 4542 geben

167 4559 277 4614 hdnnen
301 4559 438 4615 mdohtost
461 4560 466 4628 Ι
489 4558 526 4615 21
547 4559 613 4614 God
633 4559 775 4626 trastulit!
792 4557 878 4623 21128
896 4557 1090 4629 sed—deum]
1110 4557 1195 4613 Wohl
1212 4556 1411 4626 Breviloqueuz
1430 4557 1473 4610 thr

169 4643 231 4698 »aed
249 4647 400 4699 creatorem
418 4644 500 4699 deum
517 4643 547 4698 id
564 4643 660 4699 fooisso
678 4644 761 4698 diois«
778 4645 781 4712 1
798 4643 838 4700 8⁰
856 4643 920 4699 Cod.
938 4659 1057 4699 somnos.
