3744 5524
197 498 307 570 Caspmi
324 497 350 550 II
368 514 389 550 c.
409 499 449 554 10.
468 502 508 554 11.
791 497 898 570 Diclog.
1463 505 1502 566 79

197 673 331 732 transire.
367 673 449 749 Roqo
464 690 531 748 cryc
547 677 579 746 tc,
599 672 706 748 iuquit,
719 676 814 748 potor,
834 677 869 732 ut
882 674 984 732 mittis
997 691 1068 732 eum
1081 673 1116 732 iu
1130 672 1254 732 monum
1270 674 1368 750 putris
1389 673 1449 732 mci
1464 703 1503 713 -

196 773 285 833 habeo
306 773 388 832 cuim
409 774 535 848 oratuque
554 772 663 847 fratres
685 803 725 812 —
746 776 779 830 ct
800 771 951 832 denuntiet
971 773 1014 832 eis
1033 790 1070 830 uc
1091 777 1117 830 et
1141 772 1203 848 ipsi
1222 773 1348 832 ueniant
1367 773 1402 831 tn
1423 772 1504 831 tune

197 872 294 932 buon
318 876 539 932 iumentorum.
581 869 663 930 Dieu
687 871 730 930 ci:
760 871 875 931 Hutout
899 874 1024 948 Moysen
1048 878 1075 931 ct
1094 871 1265 948 prophetes,
1296 872 1422 932 audiunt
1446 890 1503 930 cos.

197 977 236 1032 At
256 971 304 1030 itte
324 971 415 1030 deicit:
445 971 529 1043 Nou,
558 975 654 1047 puer,
686 971 736 1030 scd
761 972 790 1030 sc'
810 972 879 1048 quis
904 990 931 1042 o,
949 971 1077 1032 mortuis
1096 972 1257 1047 perrexerit
1277 971 1316 1030 ud
1335 971 1412 1045 illos,
1434 976 1503 1030 tuoto

163 1071 390 1149 5pocuitobuut.
433 1072 472 1129 At
492 1069 541 1129 itte
562 1071 652 1130 dicit:
685 1070 721 1132 Si
741 1071 865 1147 Moysen
886 1079 912 1132 ct
931 1074 1092 1149 prophotas
1111 1089 1174 1130 uon
1200 1071 1373 1144 anement,
1404 1089 1504 1148 nequo,

197 1173 226 1230 st
251 1171 364 1251 oiiqtdo
389 1190 409 1230 a
433 1170 563 1229 mortuis
585 1171 757 1247 pmcccrit,
782 1171 908 1230 audiunt
933 1187 1009 1229 cum.
1052 1163 1129 1240 Quis
1156 1184 1231 1249 ergo
1255 1169 1301 1229 est
1327 1165 1383 1248 qui
1404 1187 1505 1230 resur-

197 1265 279 1330 rexit
308 1287 327 1328 e
358 1265 491 1331 mortuis
517 1270 548 1330 ot
575 1265 683 1331 docuit
709 1267 748 1329 de
768 1263 899 1342 iudicio,
928 1263 990 1328 nisi
1011 1263 1097 1329 solus
1120 1263 1283 1329 Christus?
1319 1263 1506 1348 Quicunque

199 1384 274 1450 orgo
296 1388 359 1431 non
382 1371 587 1449 susceperunt
603 1364 736 1448 Moysen
757 1364 810 1429 uel
831 1365 1006 1448 prophetas,
1027 1386 1129 1447 neque
1150 1363 1309 1430 Christum
1331 1364 1386 1448 qui
1405 1386 1506 1430 resur-

198 1465 280 1530 rexit
302 1487 321 1528 e
341 1465 474 1529 mortuis
496 1467 709 1549 susceperunt.
1282 1545 1285 1550 Ι

149 1575 182 1626 10
283 1587 308 1630 c.
328 1564 397 1633 XI.
435 1570 525 1630 More.
546 1570 585 1629 d:
615 1563 652 1629 ln
682 1562 805 1628 inferno
837 1564 916 1629 dixit
947 1587 1014 1629 esse
1044 1564 1217 1642 Abraham,
1250 1588 1314 1630 non
1343 1564 1377 1628 in
1409 1583 1507 1647 regno
1604 1630 1606 1642 ,

200 1663 369 1730 coelorum.

283 1768 337 1830 Ad.
358 1769 396 1829 d:
422 1763 506 1848 Lege
527 1764 602 1847 quie
624 1762 719 1846 (non)
740 1764 774 1828 in
795 1764 918 1830 inferno
941 1765 1020 1829 dixit
1041 1765 1211 1830 Abraham.

283 1868 433 1929 Maced:
459 1862 508 1927 Ex
530 1886 567 1929 eo
594 1865 680 1947 quod
701 1862 826 1929 locutus
849 1869 897 1930 est
922 1885 994 1929 cum
1020 1864 1118 1929 diuite
1144 1887 1207 1930 non
1234 1864 1396 1930 dubitetur
1423 1868 1509 1949 quod

201 1963 297 2028 simul
319 1963 390 2028 sint

152 2069 183 2121 15
283 2068 337 2126 Ad
360 2068 399 2127 d:
435 2061 527 2138 Quod
560 2062 731 2147 loquentur
760 2068 799 2129 cd
829 2065 966 2131 inuicem
996 2065 1126 2146 audisti,
1162 2069 1248 2150 quod
1279 2071 1383 2131 eutem
1414 2067 1509 2130 chaos

200 2181 351 2246 magnum
369 2162 507 2227 medium
529 2185 596 2228 esse
616 2163 763 2248 <dicitur>
786 2187 850 2230 non
872 2165 996 2232 audisti.
1032 2165 1124 2242 Quod
1145 2166 1228 2230 inter
1250 2165 1372 2230 coelum
1395 2169 1426 2230 et
1447 2170 1509 2230 ter·

202 2283 268 2324 ram
290 2260 429 2326 modium
451 2263 545 2328 chaos
568 2263 629 2328 dici
652 2266 740 2345 [esse]
763 2269 875 2348 potest.

284 2367 374 2425 Maro.
397 2365 436 2425 d:
463 2361 573 2427 Potest
587 2383 662 2448 ergo
685 2365 799 2449 aliquis
822 2368 860 2430 de
880 2369 964 2430 terra
983 2365 1090 2429 uidero
1111 2365 1145 2428 in
1167 2364 1264 2430 coelo.
1301 2361 1372 2429 Hoc
1392 2365 1510 2448 impos-

203 2458 294 2524 sibile
317 2462 371 2524 est.
406 2466 453 2525 Iti
474 2463 566 2542 enim,
588 2464 675 2544 dixit,
696 2470 823 2530 eleuauit
843 2469 943 2530 oeulos
963 2489 1036 2529 suos
1056 2475 1083 2528 ct
1101 2469 1187 2528 uidit.
1224 2463 1345 2540 Quodsi
1366 2466 1405 2527 de
1426 2468 1511 2527 terre

153 2572 187 2626 20
203 2558 236 2622 in
259 2558 347 2625 coelo
369 2582 461 2624 nemo
483 2566 589 2644 potest
609 2563 729 2644 uidere,
756 2569 874 2648 quanto
901 2565 1005 2628 minus
1027 2566 1065 2628 de
1086 2563 1223 2643 inferno,
1249 2563 1311 2628 nisi
1331 2563 1414 2628 forto
1437 2585 1510 2628 oon·

204 2657 288 2723 uelle
311 2658 432 2742 aliquid
453 2660 576 2726 dicotur
596 2663 630 2726 in
651 2665 763 2729 medio.
940 2671 944 2680 '
1472 2721 1480 2732 .

287 2765 343 2824 Ad.
365 2764 404 2823 d:
435 2759 586 2844 corporei
612 2763 696 2827 oculi
722 2785 758 2826 ec
783 2768 907 2828 tontum
938 2785 1018 2846 quae
1044 2763 1150 2828 uicina
1176 2768 1250 2827 sunt
1276 2763 1399 2841 uident,
1427 2763 1512 2826 oculi

205 2864 310 2923 autem
336 2859 457 2923 animae
483 2860 516 2924 in
547 2861 734 2927 immensum
766 2866 983 2928 extenduntur.
1026 2861 1069 2927 Et
1093 2861 1142 2925 illi
1168 2881 1243 2945 ergo
1271 2863 1325 2945 qui
1353 2863 1512 2944 corporeis

205 2961 352 3024 carebant
378 2957 477 3024 oeulis
508 2959 630 3025 animos
656 2985 689 3028 se
710 2963 846 3028 inuicem
867 2961 1056 3028 uidebantur
1076 2963 1207 3025 intuere.
1250 2958 1396 3044 Namque
1417 2964 1511 3024 modo

154 3067 186 3120 25
205 3057 282 3122 dicit
300 3060 500 3142 euangelium
520 3061 595 3144 quia
612 3067 746 3126 Eteuous
768 3068 868 3126 ocutns
888 3085 969 3142 suos,
991 3061 1092 3146 (diues
1110 3066 1189 3125 uidit
1206 3064 1364 3125 Atratum.
1395 3059 1512 3124 Procul

205 3158 310 3238 dubio,
332 3158 388 3241 qui
406 3159 508 3224 elevet
521 3160 631 3227 oculos
646 3162 752 3245 suos*)
775 3185 900 3227 sursum
921 3183 1030 3226 uersus
1046 3163 1085 3225 ed
1104 3159 1227 3226 coelum
1249 3158 1372 3224 eleuare
1387 3159 1511 3224 dicitur.

204 3255 288 3323 Nem
311 3262 346 3322 ut
367 3281 403 3322 ec
424 3280 505 3341 quae
526 3260 560 3324 in
581 3261 671 3326 torris
693 3267 767 3326 sunt
788 3264 859 3346 quis
881 3264 996 3339 uideat,
1018 3263 1176 3344 quomodo
1199 3258 1302 3323 eleuat
1323 3259 1453 3325 oculos?

288 3364 372 3423 Eutr.
387 3365 426 3424 d:
456 3358 500 3423 Ut
514 3359 591 3424 mihi
609 3361 743 3441 uidetur,
764 3361 915 3439 Christus,
939 3363 1049 3427 docere
1064 3359 1175 3426 uolens
1191 3359 1399 3424 differentiam
1413 3359 1512 3424 iusto-

204 3479 275 3521 rum
304 3462 336 3522 et
362 3458 563 3539 iniustorum,
593 3461 729 3543 speciem
760 3465 917 3546 quondam
947 3460 1122 3526 introduxit
1155 3461 1302 3543 pauperis
1334 3463 1365 3525 et
1394 3459 1511 3523 diuitis.

155 3563 188 3615 30
206 3555 289 3632 Quid
316 3559 398 3621 enim
425 3558 511 3623 eliud
540 3582 607 3625 esse
632 3563 785 3643 probatur
808 3581 942 3645 regnum
969 3559 1128 3625 coelorum
1153 3560 1215 3623 nisi
1240 3549 1360 3624 bonurn
1385 3558 1514 3641 aliquid,

206 3660 261 3719 aut
275 3658 351 3740 quid
367 3657 452 3722 eliud
472 3659 531 3724 erit
550 3660 692 3742 gehenne
713 3661 774 3725 nisi
788 3659 907 3724 malum
929 3660 1049 3744 aliquid
1072 3663 1103 3724 et
1124 3681 1233 3742 poene,
1256 3660 1337 3723 sicut
1359 3661 1397 3722 de
1419 3681 1513 3722 cuen-

252 3868 254 3874 ,
291 3823 449 3893 dcudicnt]
470 3825 547 3889 Cod.;
571 3825 682 3896 Corpori
699 3825 758 3880 wilt
778 3825 930 3892 »nument«,
949 3826 1015 3881 uber
1033 3844 1061 3880 os
1079 3826 1116 3880 ist
1133 3825 1262 3894 mtglich,
1281 3824 1344 3878 dass
1361 3825 1442 3878 Rufin
1461 3823 1514 3878 deu

174 3954 179 3960 .
208 3906 292 3961 sehon
319 3907 508 3963 verdorbenen
529 3909 600 3964 Text
622 3909 810 3980 vorgetimden
832 3911 889 3964 und
912 3927 1002 3980 goncu
1024 3910 1162 3965 iibersetzt
1183 3911 1242 3963 hat.
1261 3939 1292 3968 -,
1312 3908 1333 3962 Β
1357 3908 1361 3976 Ι
1386 3908 1424 3963 12
1448 3907 1513 3961 Cod.

207 3990 264 4062 legi
287 3993 291 4060 1
315 3993 356 4045 Im
374 3991 439 4046 eod.
458 3992 494 4047 ist
513 4012 599 4049 »non«
619 3994 797 4064 ausgefellon.
833 3995 888 4049 Der
906 4012 945 4064 gr.
963 3993 992 4047 Τ.
1012 3989 1056 4049 ὅτι
1074 3993 1126 4050 οὐκ
1143 3991 1177 4064 ἦν
1195 3991 1225 4049 ἐν
1243 3999 1283 4066 τῷ
1302 3985 1355 4068 ᾅδῃ
1374 3994 1378 4058 1
1400 3993 1438 4048 lt
1457 4009 1514 4046 esse

208 4076 316 4146 dicitur]
336 4076 401 4132 Cod.
415 4093 480 4132 esse.
509 4079 546 4133 Es
563 4078 628 4149 lige
643 4081 783 4142 zuntchst
804 4081 905 4135 »esset«
925 4097 957 4132 zu
975 4079 1058 4142 lesen,
1076 4079 1113 4133 da
1130 4079 1179 4132 dns
1199 4082 1239 4133 »t«
1260 4078 1308 4131 der
1325 4076 1428 4131 dritten
1440 4077 1513 4130 Pers.

208 4161 283 4232 Sing.
301 4161 444 4216 bisweilen
461 4162 500 4216 im
518 4163 583 4218 Ood.
602 4163 776 4235 ausgeleseen
794 4163 838 4219 ist.
869 4162 962 4219 Allein
982 4166 1082 4217 »esset«
1102 4162 1171 4217 ltsst
1188 4161 1246 4217 sich
1266 4161 1421 4232 sprcehlich
1439 4160 1516 4214 nicht

208 4245 378 4316 verteidigen
406 4247 463 4300 und
492 4249 644 4320 cntspricht
672 4251 742 4305 euch
768 4249 846 4304 nicht
875 4248 936 4302 dom
966 4247 1197 4318 vorengehenden
1222 4246 1295 4300 Pras.
1327 4245 1515 4314 »loquentur«.

209 4329 317 4385 Dieeem
335 4331 392 4384 und
410 4331 472 4386 dem
490 4332 523 4388 τὸ
538 4333 567 4390 u
585 4334 741 4405 λεγόμενον
759 4333 857 4405 χάσμα
875 4333 922 4388 des
941 4349 980 4402 gr.
992 4332 1022 4387 Τ.
1036 4335 1143 4402 gemtus
1160 4330 1232 4385 habe
1244 4329 1289 4384 ich
1309 4346 1381 4384 »esee
1400 4327 1514 4382 dicitur«

209 4415 361 4470 emendiert
376 4417 379 4482 1
395 4416 428 4470 17
449 4418 514 4472 Cod.
533 4418 615 4473 cahos
630 4419 635 4485 1
651 4419 735 4490 [Esse]
754 4420 822 4474 —B
838 4420 843 4487 Ι
861 4417 895 4473 18
913 4417 978 4472 God.
995 4416 1160 4488 inposibilet
1180 4415 1219 4470 24
1238 4413 1303 4468 Cod.
1319 4412 1372 4466 sibi
1389 4413 1515 4466 inuicem.

154 4529 158 4535 ·
212 4499 299 4555 »Sibi«
320 4501 426 4555 echeint
443 4501 529 4556 durch
549 4503 742 4558 »uidebuntur«
762 4503 975 4573 hervorgerufen
993 4520 1026 4560 zu
1044 4501 1102 4557 sein
1123 4503 1126 4568 Ι
1149 4499 1288 4553 »intuere«
1309 4497 1384 4550 kann
1403 4497 1517 4566 vulgttre

210 4585 382 4652 Aussprnche
400 4585 444 4639 fiir
463 4587 604 4653 »intueri«,
623 4589 688 4642 aber
705 4587 774 4642 euch
793 4586 883 4642 Activ.
902 4586 967 4641 scin.
998 4586 1023 4640 S.
1042 4586 1086 4640 ob.
1103 4587 1115 4638 I
1134 4603 1156 4640 c.
1175 4582 1344 4653 11211001.
1364 4582 1495 4636 obarhem
1512 4583 1516 4649 1

212 4668 310 4736 (cerco
329 4667 405 4723 dives
414 4701 446 4710 —
457 4671 550 4727 oculos
568 4689 637 4726 suos
665 4673 727 4726 Von
745 4671 809 4726 dem
822 4671 873 4725 Gr..
884 4671 932 4724 dee
944 4669 1109 4726 Homoiotcl.
1121 4685 1218 4738 wegon
1230 4666 1412 4736 ausgelcssen.
1431 4697 1463 4705 -
1475 4666 1517 4722 Bt.
