<?xml version="1.0" encoding="UTF-8"?>
<!DOCTYPE html PUBLIC "-//W3C//DTD XHTML 1.0 Transitional//EN"
    "http://www.w3.org/TR/xhtml1/DTD/xhtml1-transitional.dtd">
<html xmlns="http://www.w3.org/1999/xhtml" xml:lang="en" lang="en">
 <head>
  <title>
</title>
<meta http-equiv="Content-Type" content="text/html;charset=utf-8" />
  <meta name='ocr-system' content='tesseract 3.04.00' />
  <meta name='ocr-capabilities' content='ocr_page ocr_carea ocr_par ocr_line ocrx_word'/>
</head>
<body>
  <div class='ocr_page' id='page_1' title='image "./diegriechischen03religoog_0331.png"; bbox 0 0 3744 5528; ppageno 0'>
   <div class='ocr_carea' id='block_1_1' title="bbox 214 492 1520 564">
    <p class='ocr_par' dir='ltr' id='par_1_1' title="bbox 214 492 1520 564">
     <span class='ocr_line' id='line_1_1' title="bbox 214 492 1520 564; baseline 0.01 -18"><span class='ocrx_word' id='word_1_1' title='bbox 214 493 324 562; x_wconf 81' lang='lat' dir='ltr'><strong>Caspari</strong></span> <span class='ocrx_word' id='word_1_2' title='bbox 342 492 368 545; x_wconf 90' lang='lat' dir='ltr'><strong>V</strong></span> <span class='ocrx_word' id='word_1_3' title='bbox 386 509 408 546; x_wconf 92' lang='lat' dir='ltr'><strong>c.</strong></span> <span class='ocrx_word' id='word_1_4' title='bbox 427 493 467 549; x_wconf 87' lang='lat'><strong>18.</strong></span> <span class='ocrx_word' id='word_1_5' title='bbox 486 492 527 546; x_wconf 89' lang='grc'><strong>19.</strong></span> <span class='ocrx_word' id='word_1_6' title='bbox 810 493 919 564; x_wconf 82' lang='lat' dir='ltr'><strong>Dialog.</strong></span> <span class='ocrx_word' id='word_1_7' title='bbox 1460 498 1520 560; x_wconf 81' lang='lat'><strong>213</strong></span> 
     </span>
    </p>
   </div>
   <div class='ocr_carea' id='block_1_2' title="bbox 163 653 1524 2036">
    <p class='ocr_par' dir='ltr' id='par_1_2' title="bbox 213 653 1522 1044">
     <span class='ocr_line' id='line_1_2' title="bbox 213 653 1519 745; baseline -0.002 -20"><span class='ocrx_word' id='word_1_8' title='bbox 213 667 326 742; x_wconf 78' lang='lat' dir='ltr'><strong>autem,</strong></span> <span class='ocrx_word' id='word_1_9' title='bbox 358 662 413 745; x_wconf 93' lang='lat' dir='ltr'><strong>qui</strong></span> <span class='ocrx_word' id='word_1_10' title='bbox 439 661 638 744; x_wconf 88' lang='lat' dir='ltr'><strong>omnipotens</strong></span> <span class='ocrx_word' id='word_1_11' title='bbox 664 661 786 740; x_wconf 86' lang='lat' dir='ltr'><strong>dicitur,</strong></span> <span class='ocrx_word' id='word_1_12' title='bbox 813 661 868 744; x_wconf 91' lang='lat' dir='ltr'><strong>qui</strong></span> <span class='ocrx_word' id='word_1_13' title='bbox 895 666 926 727; x_wconf 92' lang='lat' dir='ltr'><strong>et</strong></span> <span class='ocrx_word' id='word_1_14' title='bbox 952 661 1057 744; x_wconf 83' lang='lat' dir='ltr'>opifex</span> <span class='ocrx_word' id='word_1_15' title='bbox 1080 665 1111 725; x_wconf 91' lang='lat' dir='ltr'><strong>et</strong></span> <span class='ocrx_word' id='word_1_16' title='bbox 1132 653 1350 736; x_wconf 85' lang='lat' dir='ltr'><strong>conditorest</strong></span> <span class='ocrx_word' id='word_1_17' title='bbox 1371 659 1519 740; x_wconf 87' lang='lat' dir='ltr'><strong>omnium,</strong></span> 
     </span>
     <span class='ocr_line' id='line_1_3' title="bbox 214 759 1519 845; baseline -0.003 -19"><span class='ocrx_word' id='word_1_18' title='bbox 214 762 265 826; x_wconf 91' lang='lat' dir='ltr'><strong>cui</strong></span> <span class='ocrx_word' id='word_1_19' title='bbox 286 761 427 826; x_wconf 89' lang='lat' dir='ltr'><strong>subiacet</strong></span> <span class='ocrx_word' id='word_1_20' title='bbox 448 766 508 840; x_wconf 69' lang='lat' dir='ltr'><strong>air,</strong></span> <span class='ocrx_word' id='word_1_21' title='bbox 530 784 620 845; x_wconf 81' lang='lat' dir='ltr'><strong>aqua,</strong></span> <span class='ocrx_word' id='word_1_22' title='bbox 642 763 732 842; x_wconf 82' lang='lat' dir='ltr'><strong>torre,</strong></span> <span class='ocrx_word' id='word_1_23' title='bbox 754 762 837 845; x_wconf 82' lang='lat' dir='ltr'><strong>ignis</strong></span> <span class='ocrx_word' id='word_1_24' title='bbox 860 765 978 826; x_wconf 92' lang='lat' dir='ltr'><strong>etcum</strong></span> <span class='ocrx_word' id='word_1_25' title='bbox 998 761 1112 825; x_wconf 89' lang='lat' dir='ltr'><strong>timore</strong></span> <span class='ocrx_word' id='word_1_26' title='bbox 1127 765 1159 824; x_wconf 92' lang='lat' dir='ltr'><strong>et</strong></span> <span class='ocrx_word' id='word_1_27' title='bbox 1180 764 1315 826; x_wconf 89' lang='lat' dir='ltr'><strong>tremore</strong></span> <span class='ocrx_word' id='word_1_28' title='bbox 1330 759 1519 837; x_wconf 84' lang='lat' dir='ltr'><strong>deseruiunt,</strong></span> 
     </span>
     <span class='ocr_line' id='line_1_4' title="bbox 214 858 1522 944; baseline -0.002 -20"><span class='ocrx_word' id='word_1_29' title='bbox 214 861 328 943; x_wconf 90' lang='lat' dir='ltr'><strong>quibus</strong></span> <span class='ocrx_word' id='word_1_30' title='bbox 350 860 444 926; x_wconf 89' lang='lat' dir='ltr'><strong>etiam</strong></span> <span class='ocrx_word' id='word_1_31' title='bbox 464 859 635 943; x_wconf 89' lang='lat' dir='ltr'><strong>unicuique</strong></span> <span class='ocrx_word' id='word_1_32' title='bbox 655 884 744 926; x_wconf 91' lang='lat' dir='ltr'><strong>suam</strong></span> <span class='ocrx_word' id='word_1_33' title='bbox 766 866 887 944; x_wconf 89' lang='lat' dir='ltr'><strong>partem</strong></span> <span class='ocrx_word' id='word_1_34' title='bbox 909 881 1033 926; x_wconf 88' lang='lat' dir='ltr'><strong>seruare</strong></span> <span class='ocrx_word' id='word_1_35' title='bbox 1048 858 1212 937; x_wconf 85' lang='lat' dir='ltr'><strong>commisit,</strong></span> <span class='ocrx_word' id='word_1_36' title='bbox 1233 881 1298 924; x_wconf 92' lang='lat' dir='ltr'><strong>non</strong></span> <span class='ocrx_word' id='word_1_37' title='bbox 1315 859 1374 924; x_wconf 89' lang='lat' dir='ltr'><strong>tibi</strong></span> <span class='ocrx_word' id='word_1_38' title='bbox 1395 859 1522 924; x_wconf 91' lang='lat' dir='ltr'><strong>uidetur</strong></span> 
     </span>
     <span class='ocr_line' id='line_1_5' title="bbox 214 959 1521 1044; baseline -0.002 -19"><span class='ocrx_word' id='word_1_39' title='bbox 214 981 305 1043; x_wconf 92' lang='lat' dir='ltr'><strong>posse</strong></span> <span class='ocrx_word' id='word_1_40' title='bbox 319 959 555 1025; x_wconf 88' lang='lat' dir='ltr'><strong>resurrectionis</strong></span> <span class='ocrx_word' id='word_1_41' title='bbox 569 964 711 1043; x_wconf 90' lang='lat' dir='ltr'><strong>tempore</strong></span> <span class='ocrx_word' id='word_1_42' title='bbox 725 960 859 1044; x_wconf 82' lang='lat' dir='ltr'><strong>singulis</strong></span> <span class='ocrx_word' id='word_1_43' title='bbox 874 961 1053 1043; x_wconf 81' lang='lat' dir='ltr'><strong>quibusque</strong></span> <span class='ocrx_word' id='word_1_44' title='bbox 1067 959 1187 1042; x_wconf 92' lang='lat' dir='ltr'><strong>proprii</strong></span> <span class='ocrx_word' id='word_1_45' title='bbox 1202 960 1341 1042; x_wconf 89' lang='lat' dir='ltr'><strong>corporis</strong></span> <span class='ocrx_word' id='word_1_46' title='bbox 1357 960 1521 1024; x_wconf 87' lang='lat' dir='ltr'><strong>restituere</strong></span> 
     </span>
    </p>

    <p class='ocr_par' dir='ltr' id='par_1_3' title="bbox 180 1057 1523 1540">
     <span class='ocr_line' id='line_1_6' title="bbox 180 1057 1521 1143; baseline -0.002 -19"><span class='ocrx_word' id='word_1_47' title='bbox 180 1071 196 1124; x_wconf 83' lang='lat'>5</span> <span class='ocrx_word' id='word_1_48' title='bbox 212 1059 398 1143; x_wconf 84' lang='lat' dir='ltr'><strong>portionem.</strong></span> <span class='ocrx_word' id='word_1_49' title='bbox 427 1057 486 1124; x_wconf 93' lang='lat' dir='ltr'><strong>Uis</strong></span> <span class='ocrx_word' id='word_1_50' title='bbox 507 1058 566 1123; x_wconf 91' lang='lat' dir='ltr'><strong>tibi</strong></span> <span class='ocrx_word' id='word_1_51' title='bbox 590 1061 753 1125; x_wconf 89' lang='lat' dir='ltr'><strong>ostendam</strong></span> <span class='ocrx_word' id='word_1_52' title='bbox 774 1061 889 1125; x_wconf 91' lang='lat' dir='ltr'><strong>borum</strong></span> <span class='ocrx_word' id='word_1_53' title='bbox 905 1059 1131 1124; x_wconf 89' lang='lat' dir='ltr'><strong>elementorum</strong></span> <span class='ocrx_word' id='word_1_54' title='bbox 1151 1058 1246 1123; x_wconf 87' lang='lat' dir='ltr'><strong>ualde</strong></span> <span class='ocrx_word' id='word_1_55' title='bbox 1261 1057 1405 1124; x_wconf 91' lang='lat' dir='ltr'><strong>sedulum</strong></span> <span class='ocrx_word' id='word_1_56' title='bbox 1419 1059 1521 1122; x_wconf 87' lang='lat' dir='ltr'><strong>famu-</strong></span> 
     </span>
     <span class='ocr_line' id='line_1_7' title="bbox 213 1149 1521 1243; baseline -0.003 -19"><span class='ocrx_word' id='word_1_57' title='bbox 213 1160 321 1225; x_wconf 87' lang='lat' dir='ltr'><strong>latum.</strong></span> <span class='ocrx_word' id='word_1_58' title='bbox 363 1158 450 1243; x_wconf 88' lang='lat' dir='ltr'>Ignis</span> <span class='ocrx_word' id='word_1_59' title='bbox 480 1159 650 1242; x_wconf 89' lang='lat' dir='ltr'><strong>aliquando</strong></span> <span class='ocrx_word' id='word_1_60' title='bbox 679 1163 743 1223; x_wconf 91' lang='lat' dir='ltr'><strong>tres</strong></span> <span class='ocrx_word' id='word_1_61' title='bbox 772 1181 887 1243; x_wconf 89' lang='lat' dir='ltr'><strong>pucros</strong></span> <span class='ocrx_word' id='word_1_62' title='bbox 912 1160 946 1222; x_wconf 92' lang='lat' dir='ltr'><strong>in</strong></span> <span class='ocrx_word' id='word_1_63' title='bbox 977 1149 1105 1224; x_wconf 85' lang='lat' dir='ltr'><strong>fornace</strong></span> <span class='ocrx_word' id='word_1_64' title='bbox 1134 1161 1286 1240; x_wconf 71' lang='lat' dir='ltr'><strong>receptor,</strong></span> <span class='ocrx_word' id='word_1_65' title='bbox 1316 1157 1367 1222; x_wconf 90' lang='lat' dir='ltr'><strong>dei</strong></span> <span class='ocrx_word' id='word_1_66' title='bbox 1392 1157 1521 1222; x_wconf 91' lang='lat' dir='ltr'><strong>nutibus</strong></span> 
     </span>
     <span class='ocr_line' id='line_1_8' title="bbox 213 1255 1521 1342; baseline -0.002 -19"><span class='ocrx_word' id='word_1_67' title='bbox 213 1260 361 1338; x_wconf 87' lang='lat' dir='ltr'><strong>seruiens,</strong></span> <span class='ocrx_word' id='word_1_68' title='bbox 391 1259 531 1341; x_wconf 78' lang='lat' dir='ltr'><strong>integros</strong></span> <span class='ocrx_word' id='word_1_69' title='bbox 561 1257 764 1342; x_wconf 89' lang='lat' dir='ltr'><strong>illibatosque</strong></span> <span class='ocrx_word' id='word_1_70' title='bbox 793 1260 939 1324; x_wconf 71' lang='lat' dir='ltr'><strong>restituit.</strong></span> <span class='ocrx_word' id='word_1_71' title='bbox 976 1257 1038 1324; x_wconf 84' lang='lat' dir='ltr'><strong>Sed</strong></span> <span class='ocrx_word' id='word_1_72' title='bbox 1067 1262 1099 1322; x_wconf 88' lang='lat' dir='ltr'><strong>ct</strong></span> <span class='ocrx_word' id='word_1_73' title='bbox 1127 1278 1211 1339; x_wconf 83' lang='lat' dir='ltr'><strong>aqua</strong></span> <span class='ocrx_word' id='word_1_74' title='bbox 1241 1256 1380 1341; x_wconf 81' lang='lat' dir='ltr'><strong>suscepit</strong></span> <span class='ocrx_word' id='word_1_75' title='bbox 1410 1255 1521 1322; x_wconf 90' lang='lat' dir='ltr'><strong>Ionam</strong></span> 
     </span>
     <span class='ocr_line' id='line_1_9' title="bbox 213 1357 1523 1442; baseline -0.002 -21"><span class='ocrx_word' id='word_1_76' title='bbox 213 1360 399 1442; x_wconf 87' lang='lat' dir='ltr'><strong>prophetam</strong></span> <span class='ocrx_word' id='word_1_77' title='bbox 425 1362 456 1422; x_wconf 91' lang='lat' dir='ltr'><strong>et</strong></span> <span class='ocrx_word' id='word_1_78' title='bbox 485 1358 597 1422; x_wconf 89' lang='lat' dir='ltr'><strong>babuit</strong></span> <span class='ocrx_word' id='word_1_79' title='bbox 621 1360 655 1424; x_wconf 89' lang='lat' dir='ltr'><strong>in</strong></span> <span class='ocrx_word' id='word_1_80' title='bbox 684 1357 843 1442; x_wconf 85' lang='lat' dir='ltr'><strong>profundo</strong></span> <span class='ocrx_word' id='word_1_81' title='bbox 870 1359 971 1423; x_wconf 87' lang='lat' dir='ltr'><strong>tribus</strong></span> <span class='ocrx_word' id='word_1_82' title='bbox 1001 1357 1111 1422; x_wconf 89' lang='lat' dir='ltr'><strong>diebus</strong></span> <span class='ocrx_word' id='word_1_83' title='bbox 1138 1361 1169 1420; x_wconf 89' lang='lat' dir='ltr'><strong>et</strong></span> <span class='ocrx_word' id='word_1_84' title='bbox 1199 1357 1300 1421; x_wconf 88' lang='lat' dir='ltr'><strong>tribus</strong></span> <span class='ocrx_word' id='word_1_85' title='bbox 1322 1357 1468 1421; x_wconf 81' lang='lat' dir='ltr'><strong>noctibus</strong></span> <span class='ocrx_word' id='word_1_86' title='bbox 1491 1359 1523 1420; x_wconf 89' lang='lat' dir='ltr'><strong>et</strong></span> 
     </span>
     <span class='ocr_line' id='line_1_10' title="bbox 213 1455 1521 1540; baseline -0.003 -17"><span class='ocrx_word' id='word_1_87' title='bbox 213 1459 377 1540; x_wconf 87' lang='lat' dir='ltr'><strong>posthaec</strong></span> <span class='ocrx_word' id='word_1_88' title='bbox 399 1479 471 1522; x_wconf 90' lang='lat' dir='ltr'><strong>eum</strong></span> <span class='ocrx_word' id='word_1_89' title='bbox 485 1458 624 1522; x_wconf 87' lang='lat' dir='ltr'><strong>restituit</strong></span> <span class='ocrx_word' id='word_1_90' title='bbox 643 1456 796 1523; x_wconf 88' lang='lat' dir='ltr'><strong>illaesum.</strong></span> <span class='ocrx_word' id='word_1_91' title='bbox 831 1457 897 1522; x_wconf 67' lang='lat' dir='ltr'><strong>Aer</strong></span> <span class='ocrx_word' id='word_1_92' title='bbox 910 1457 1015 1522; x_wconf 82' lang='lat' dir='ltr'><strong>Eliam</strong></span> <span class='ocrx_word' id='word_1_93' title='bbox 1036 1460 1217 1538; x_wconf 90' lang='lat' dir='ltr'><strong>susceptum</strong></span> <span class='ocrx_word' id='word_1_94' title='bbox 1232 1455 1322 1538; x_wconf 87' lang='lat' dir='ltr'><strong>quasi</strong></span> <span class='ocrx_word' id='word_1_95' title='bbox 1343 1458 1384 1519; x_wconf 90' lang='lat' dir='ltr'><strong>ad</strong></span> <span class='ocrx_word' id='word_1_96' title='bbox 1398 1455 1521 1520; x_wconf 91' lang='lat' dir='ltr'><strong>coelum</strong></span> 
     </span>
    </p>

    <p class='ocr_par' dir='ltr' id='par_1_4' title="bbox 163 1551 1524 2036">
     <span class='ocr_line' id='line_1_11' title="bbox 163 1551 1522 1641; baseline -0.003 -19"><span class='ocrx_word' id='word_1_97' title='bbox 163 1574 197 1628; x_wconf 89' lang='lat'><strong>10</strong></span> <span class='ocrx_word' id='word_1_98' title='bbox 214 1579 314 1640; x_wconf 91' lang='lat' dir='ltr'><strong>usque</strong></span> <span class='ocrx_word' id='word_1_99' title='bbox 328 1557 480 1641; x_wconf 86' lang='lat' dir='ltr'><strong>peruexit</strong></span> <span class='ocrx_word' id='word_1_100' title='bbox 508 1556 605 1622; x_wconf 78' lang='lat' dir='ltr'><strong>Terra</strong></span> <span class='ocrx_word' id='word_1_101' title='bbox 617 1556 770 1622; x_wconf 83' lang='lat' dir='ltr'><strong>Lazarum</strong></span> <span class='ocrx_word' id='word_1_102' title='bbox 790 1561 864 1639; x_wconf 86' lang='lat' dir='ltr'><strong>post</strong></span> <span class='ocrx_word' id='word_1_103' title='bbox 878 1560 1015 1639; x_wconf 92' lang='lat' dir='ltr'><strong>quatuor</strong></span> <span class='ocrx_word' id='word_1_104' title='bbox 1036 1556 1102 1620; x_wconf 90' lang='lat' dir='ltr'><strong>dies</strong></span> <span class='ocrx_word' id='word_1_105' title='bbox 1117 1555 1263 1620; x_wconf 90' lang='lat' dir='ltr'><strong>reddidit</strong></span> <span class='ocrx_word' id='word_1_106' title='bbox 1292 1554 1354 1621; x_wconf 86' lang='lat' dir='ltr'><strong>Sed</strong></span> <span class='ocrx_word' id='word_1_107' title='bbox 1376 1559 1407 1620; x_wconf 93' lang='lat' dir='ltr'><strong>et</strong></span> <span class='ocrx_word' id='word_1_108' title='bbox 1421 1551 1522 1637; x_wconf 84' lang='lat' dir='ltr'><strong>aquae</strong></span> 
     </span>
     <span class='ocr_line' id='line_1_12' title="bbox 214 1652 1522 1738; baseline -0.003 -17"><span class='ocrx_word' id='word_1_109' title='bbox 214 1657 322 1722; x_wconf 80' lang='lat' dir='ltr'><strong>dulces</strong></span> <span class='ocrx_word' id='word_1_110' title='bbox 342 1656 481 1720; x_wconf 89' lang='lat' dir='ltr'><strong>influunt</strong></span> <span class='ocrx_word' id='word_1_111' title='bbox 501 1657 535 1720; x_wconf 90' lang='lat' dir='ltr'><strong>in</strong></span> <span class='ocrx_word' id='word_1_112' title='bbox 555 1679 641 1721; x_wconf 92' lang='lat' dir='ltr'><strong>mare</strong></span> <span class='ocrx_word' id='word_1_113' title='bbox 661 1659 692 1720; x_wconf 91' lang='lat' dir='ltr'><strong>et</strong></span> <span class='ocrx_word' id='word_1_114' title='bbox 712 1655 952 1738; x_wconf 83' lang='lat' dir='ltr'><strong>permiscentur3</strong></span> <span class='ocrx_word' id='word_1_115' title='bbox 975 1676 1056 1738; x_wconf 86' lang='lat' dir='ltr'><strong>quae</strong></span> <span class='ocrx_word' id='word_1_116' title='bbox 1077 1675 1200 1719; x_wconf 90' lang='lat' dir='ltr'><strong>rursum</strong></span> <span class='ocrx_word' id='word_1_117' title='bbox 1224 1652 1365 1719; x_wconf 85' lang='lat' dir='ltr'><strong>eleuatac</strong></span> <span class='ocrx_word' id='word_1_118' title='bbox 1384 1654 1522 1720; x_wconf 90' lang='lat' dir='ltr'><strong>nubibus</strong></span> 
     </span>
     <span class='ocr_line' id='line_1_13' title="bbox 215 1752 1523 1840; baseline -0.003 -20"><span class='ocrx_word' id='word_1_119' title='bbox 215 1761 246 1820; x_wconf 90' lang='lat' dir='ltr'><strong>et</strong></span> <span class='ocrx_word' id='word_1_120' title='bbox 276 1757 428 1821; x_wconf 79' lang='lat' dir='ltr'><strong>discretae</strong></span> <span class='ocrx_word' id='word_1_121' title='bbox 454 1778 491 1820; x_wconf 89' lang='lat' dir='ltr'><strong>ac</strong></span> <span class='ocrx_word' id='word_1_122' title='bbox 522 1760 683 1840; x_wconf 78' lang='lat' dir='ltr'><strong>separatae</strong></span> <span class='ocrx_word' id='word_1_123' title='bbox 709 1779 728 1820; x_wconf 90' lang='lat' dir='ltr'><strong>a</strong></span> <span class='ocrx_word' id='word_1_124' title='bbox 758 1755 847 1820; x_wconf 87' lang='lat' dir='ltr'><strong>salsis</strong></span> <span class='ocrx_word' id='word_1_125' title='bbox 874 1755 981 1820; x_wconf 88' lang='lat' dir='ltr'><strong>dulces</strong></span> <span class='ocrx_word' id='word_1_126' title='bbox 1011 1759 1112 1819; x_wconf 91' lang='lat' dir='ltr'><strong>terrae</strong></span> <span class='ocrx_word' id='word_1_127' title='bbox 1133 1757 1280 1836; x_wconf 86' lang='lat' dir='ltr'><strong>reparant</strong></span> <span class='ocrx_word' id='word_1_128' title='bbox 1309 1753 1434 1818; x_wconf 89' lang='lat' dir='ltr'><strong>imbres.</strong></span> <span class='ocrx_word' id='word_1_129' title='bbox 1470 1752 1523 1817; x_wconf 89' lang='lat' dir='ltr'><strong>Sic</strong></span> 
     </span>
     <span class='ocr_line' id='line_1_14' title="bbox 215 1855 1524 1939; baseline -0.006 -19"><span class='ocrx_word' id='word_1_130' title='bbox 215 1857 298 1921; x_wconf 91' lang='lat' dir='ltr'><strong>enim</strong></span> <span class='ocrx_word' id='word_1_131' title='bbox 320 1858 352 1920; x_wconf 90' lang='lat' dir='ltr'><strong>et</strong></span> <span class='ocrx_word' id='word_1_132' title='bbox 371 1857 525 1939; x_wconf 88' lang='lat' dir='ltr'><strong>propheta</strong></span> <span class='ocrx_word' id='word_1_133' title='bbox 545 1855 632 1921; x_wconf 89' lang='lat' dir='ltr'><strong>dicit:</strong></span> <span class='ocrx_word' id='word_1_134' title='bbox 663 1859 723 1930; x_wconf 60' lang='lat' dir='ltr'><strong>thei</strong></span> <span class='ocrx_word' id='word_1_135' title='bbox 747 1860 871 1920; x_wconf 78' lang='lat' dir='ltr'><strong>aduocat</strong></span> <span class='ocrx_word' id='word_1_136' title='bbox 896 1877 1007 1937; x_wconf 80' lang='lat' dir='ltr'><strong>aquom</strong></span> <span class='ocrx_word' id='word_1_137' title='bbox 1027 1858 1123 1919; x_wconf 64' lang='lat' dir='ltr'><strong>orcus</strong></span> <span class='ocrx_word' id='word_1_138' title='bbox 1147 1864 1174 1918; x_wconf 80' lang='lat' dir='ltr'><strong>et</strong></span> <span class='ocrx_word' id='word_1_139' title='bbox 1194 1857 1318 1934; x_wconf 79' lang='lat' dir='ltr'><strong>effundit</strong></span> <span class='ocrx_word' id='word_1_140' title='bbox 1343 1876 1409 1916; x_wconf 83' lang='lat' dir='ltr'><strong>eum</strong></span> <span class='ocrx_word' id='word_1_141' title='bbox 1434 1875 1524 1932; x_wconf 81' lang='lat' dir='ltr'><strong>euper-</strong></span> 
     </span>
     <span class='ocr_line' id='line_1_15' title="bbox 213 1961 441 2036; baseline -0.004 -16"><span class='ocrx_word' id='word_1_142' title='bbox 213 1961 321 2036; x_wconf 77' lang='lat' dir='ltr'><strong>faciem</strong></span> <span class='ocrx_word' id='word_1_143' title='bbox 343 1965 441 2020; x_wconf 65' lang='lat' dir='ltr'><strong>boue.</strong></span> 
     </span>
    </p>
   </div>
   <div class='ocr_carea' id='block_1_3' title="bbox 162 2151 1532 3930">
    <p class='ocr_par' dir='ltr' id='par_1_5' title="bbox 164 2151 1524 2634">
     <span class='ocr_line' id='line_1_16' title="bbox 164 2151 1523 2237; baseline -0.001 -19"><span class='ocrx_word' id='word_1_144' title='bbox 164 2156 197 2209; x_wconf 84' lang='lat'><strong>15</strong></span> <span class='ocrx_word' id='word_1_145' title='bbox 299 2175 323 2218; x_wconf 92' lang='lat' dir='ltr'><strong>c.</strong></span> <span class='ocrx_word' id='word_1_146' title='bbox 344 2154 449 2221; x_wconf 88' lang='lat' dir='ltr'>XIX.</span> <span class='ocrx_word' id='word_1_147' title='bbox 481 2159 568 2216; x_wconf 75' lang='lat' dir='ltr'><strong>Eub.</strong></span> <span class='ocrx_word' id='word_1_148' title='bbox 589 2157 628 2218; x_wconf 85' lang='lat' dir='ltr'><strong>d:</strong></span> <span class='ocrx_word' id='word_1_149' title='bbox 658 2152 799 2218; x_wconf 83' lang='lat' dir='ltr'><strong>Marinus</strong></span> <span class='ocrx_word' id='word_1_150' title='bbox 821 2155 1009 2237; x_wconf 87' lang='lat' dir='ltr'><strong>promiserat</strong></span> <span class='ocrx_word' id='word_1_151' title='bbox 1030 2157 1066 2217; x_wconf 91' lang='lat' dir='ltr'><strong>ut</strong></span> <span class='ocrx_word' id='word_1_152' title='bbox 1090 2155 1129 2217; x_wconf 89' lang='lat' dir='ltr'><strong>de</strong></span> <span class='ocrx_word' id='word_1_153' title='bbox 1155 2152 1320 2235; x_wconf 88' lang='lat' dir='ltr'><strong>scripturis</strong></span> <span class='ocrx_word' id='word_1_154' title='bbox 1341 2151 1431 2215; x_wconf 88' lang='lat' dir='ltr'><strong>fieret</strong></span> <span class='ocrx_word' id='word_1_155' title='bbox 1451 2172 1523 2233; x_wconf 89' lang='lat' dir='ltr'><strong>pro·</strong></span> 
     </span>
     <span class='ocr_line' id='line_1_17' title="bbox 213 2250 1523 2336; baseline -0.002 -18"><span class='ocrx_word' id='word_1_156' title='bbox 213 2253 301 2319; x_wconf 90' lang='lat' dir='ltr'><strong>batio</strong></span> <span class='ocrx_word' id='word_1_157' title='bbox 338 2253 567 2336; x_wconf 88' lang='lat' dir='ltr'><strong>quaestionum,</strong></span> <span class='ocrx_word' id='word_1_158' title='bbox 603 2253 665 2328; x_wconf 88' lang='lat' dir='ltr'><strong>sed,</strong></span> <span class='ocrx_word' id='word_1_159' title='bbox 701 2257 738 2316; x_wconf 90' lang='lat' dir='ltr'><strong>ut</strong></span> <span class='ocrx_word' id='word_1_160' title='bbox 772 2252 873 2332; x_wconf 89' lang='lat' dir='ltr'><strong>uideo,</strong></span> <span class='ocrx_word' id='word_1_161' title='bbox 909 2256 949 2316; x_wconf 89' lang='lat' dir='ltr'><strong>ad</strong></span> <span class='ocrx_word' id='word_1_162' title='bbox 984 2252 1219 2335; x_wconf 84' lang='lat' dir='ltr'><strong>philosophicas</strong></span> <span class='ocrx_word' id='word_1_163' title='bbox 1255 2256 1286 2316; x_wconf 88' lang='lat' dir='ltr'><strong>et</strong></span> <span class='ocrx_word' id='word_1_164' title='bbox 1320 2250 1523 2315; x_wconf 87' lang='lat' dir='ltr'><strong>medicinales</strong></span> 
     </span>
     <span class='ocr_line' id='line_1_18' title="bbox 215 2349 1523 2436; baseline -0.003 -18"><span class='ocrx_word' id='word_1_165' title='bbox 215 2354 413 2436; x_wconf 88' lang='lat' dir='ltr'><strong>quaestiones</strong></span> <span class='ocrx_word' id='word_1_166' title='bbox 441 2351 585 2430; x_wconf 77' lang='lat' dir='ltr'><strong>declinat</strong></span> <span class='ocrx_word' id='word_1_167' title='bbox 615 2352 758 2417; x_wconf 90' lang='lat' dir='ltr'><strong>homines</strong></span> <span class='ocrx_word' id='word_1_168' title='bbox 784 2351 930 2417; x_wconf 88' lang='lat' dir='ltr'><strong>fortiores</strong></span> <span class='ocrx_word' id='word_1_169' title='bbox 959 2353 1018 2417; x_wconf 91' lang='lat' dir='ltr'><strong>deo</strong></span> <span class='ocrx_word' id='word_1_170' title='bbox 1048 2352 1178 2434; x_wconf 88' lang='lat' dir='ltr'><strong>cupiens</strong></span> <span class='ocrx_word' id='word_1_171' title='bbox 1210 2349 1393 2434; x_wconf 87' lang='lat' dir='ltr'><strong>approbare.</strong></span> <span class='ocrx_word' id='word_1_172' title='bbox 1428 2350 1523 2424; x_wconf 87' lang='lat' dir='ltr'><strong>Deus,</strong></span> 
     </span>
     <span class='ocr_line' id='line_1_19' title="bbox 216 2448 1524 2535; baseline -0.003 -19"><span class='ocrx_word' id='word_1_173' title='bbox 216 2451 291 2535; x_wconf 91' lang='lat' dir='ltr'><strong>quia</strong></span> <span class='ocrx_word' id='word_1_174' title='bbox 311 2453 412 2534; x_wconf 91' lang='lat' dir='ltr'><strong>possit</strong></span> <span class='ocrx_word' id='word_1_175' title='bbox 433 2452 539 2517; x_wconf 90' lang='lat' dir='ltr'><strong>omnia</strong></span> <span class='ocrx_word' id='word_1_176' title='bbox 565 2451 646 2516; x_wconf 89' lang='lat' dir='ltr'><strong>nulli</strong></span> <span class='ocrx_word' id='word_1_177' title='bbox 667 2451 799 2515; x_wconf 92' lang='lat' dir='ltr'><strong>dubium</strong></span> <span class='ocrx_word' id='word_1_178' title='bbox 821 2455 876 2516; x_wconf 87' lang='lat' dir='ltr'><strong>est</strong></span> <span class='ocrx_word' id='word_1_179' title='bbox 911 2448 1007 2515; x_wconf 88' lang='lat' dir='ltr'><strong>Nunc</strong></span> <span class='ocrx_word' id='word_1_180' title='bbox 1026 2473 1064 2516; x_wconf 87' lang='lat' dir='ltr'><strong>ex</strong></span> <span class='ocrx_word' id='word_1_181' title='bbox 1086 2449 1272 2515; x_wconf 88' lang='lat' dir='ltr'><strong>auctoritate</strong></span> <span class='ocrx_word' id='word_1_182' title='bbox 1296 2448 1524 2531; x_wconf 89' lang='lat' dir='ltr'><strong>scripturarum</strong></span> 
     </span>
     <span class='ocr_line' id='line_1_20' title="bbox 215 2547 887 2634; baseline -0.001 -19"><span class='ocrx_word' id='word_1_183' title='bbox 215 2551 372 2616; x_wconf 87' lang='lat' dir='ltr'><strong>ostendito</strong></span> <span class='ocrx_word' id='word_1_184' title='bbox 394 2551 422 2615; x_wconf 88' lang='lat' dir='ltr'><strong>si</strong></span> <span class='ocrx_word' id='word_1_185' title='bbox 442 2550 520 2616; x_wconf 90' lang='lat' dir='ltr'><strong>uelit</strong></span> <span class='ocrx_word' id='word_1_186' title='bbox 541 2549 683 2616; x_wconf 91' lang='lat' dir='ltr'><strong>homines</strong></span> <span class='ocrx_word' id='word_1_187' title='bbox 704 2547 887 2634; x_wconf 78' lang='lat' dir='ltr'><strong>resurgere</strong></span> 
     </span>
    </p>

    <p class='ocr_par' dir='ltr' id='par_1_6' title="bbox 162 2648 1531 2833">
     <span class='ocr_line' id='line_1_21' title="bbox 162 2648 1531 2733; baseline 0 -23"><span class='ocrx_word' id='word_1_188' title='bbox 162 2656 198 2712; x_wconf 84' lang='lat'><strong>20</strong></span> <span class='ocrx_word' id='word_1_189' title='bbox 297 2655 373 2716; x_wconf 87' lang='lat' dir='ltr'><strong>Mar.</strong></span> <span class='ocrx_word' id='word_1_190' title='bbox 395 2655 434 2716; x_wconf 80' lang='lat' dir='ltr'><strong>ct:</strong></span> <span class='ocrx_word' id='word_1_191' title='bbox 464 2650 545 2715; x_wconf 88' lang='lat' dir='ltr'><strong>Mihi</strong></span> <span class='ocrx_word' id='word_1_192' title='bbox 566 2648 716 2733; x_wconf 86' lang='lat' dir='ltr'><strong>perfacile</strong></span> <span class='ocrx_word' id='word_1_193' title='bbox 738 2653 786 2714; x_wconf 90' lang='lat' dir='ltr'><strong>est</strong></span> <span class='ocrx_word' id='word_1_194' title='bbox 807 2652 846 2713; x_wconf 93' lang='lat' dir='ltr'><strong>de</strong></span> <span class='ocrx_word' id='word_1_195' title='bbox 873 2648 1036 2731; x_wconf 88' lang='lat' dir='ltr'><strong>scripturis</strong></span> <span class='ocrx_word' id='word_1_196' title='bbox 1058 2649 1223 2713; x_wconf 90' lang='lat' dir='ltr'><strong>ostendere</strong></span> <span class='ocrx_word' id='word_1_197' title='bbox 1251 2669 1332 2731; x_wconf 88' lang='lat' dir='ltr'><strong>quae</strong></span> <span class='ocrx_word' id='word_1_198' title='bbox 1354 2668 1473 2724; x_wconf 88' lang='lat' dir='ltr'><strong>assero,</strong></span> <span class='ocrx_word' id='word_1_199' title='bbox 1500 2648 1531 2711; x_wconf 93' lang='lat' dir='ltr'><strong>si</strong></span> 
     </span>
     <span class='ocr_line' id='line_1_22' title="bbox 213 2749 926 2833; baseline -0.001 -20"><span class='ocrx_word' id='word_1_200' title='bbox 213 2750 293 2814; x_wconf 88' lang='lat' dir='ltr'><strong>uelit</strong></span> <span class='ocrx_word' id='word_1_201' title='bbox 313 2749 522 2816; x_wconf 83' lang='lat' dir='ltr'><strong>Adamantius</strong></span> <span class='ocrx_word' id='word_1_202' title='bbox 542 2749 749 2833; x_wconf 88' lang='lat' dir='ltr'><strong>acquiescere.</strong></span> <span class='ocrx_word' id='word_1_203' title='bbox 924 2804 926 2806; x_wconf 96' lang='lat'>.</span> 
     </span>
    </p>

    <p class='ocr_par' dir='ltr' id='par_1_7' title="bbox 215 2844 1532 3133">
     <span class='ocr_line' id='line_1_23' title="bbox 298 2844 1528 2932; baseline -0.002 -20"><span class='ocrx_word' id='word_1_204' title='bbox 298 2855 384 2915; x_wconf 77' lang='lat' dir='ltr'><strong>Eutr.</strong></span> <span class='ocrx_word' id='word_1_205' title='bbox 399 2855 439 2915; x_wconf 78' lang='lat' dir='ltr'><strong>d:</strong></span> <span class='ocrx_word' id='word_1_206' title='bbox 461 2847 628 2932; x_wconf 89' lang='lat' dir='ltr'><strong>Numquid</strong></span> <span class='ocrx_word' id='word_1_207' title='bbox 641 2849 849 2914; x_wconf 82' lang='lat' dir='ltr'><strong>Adamantius</strong></span> <span class='ocrx_word' id='word_1_208' title='bbox 868 2849 901 2912; x_wconf 90' lang='lat' dir='ltr'><strong>in</strong></span> <span class='ocrx_word' id='word_1_209' title='bbox 916 2869 1012 2912; x_wconf 89' lang='lat' dir='ltr'><strong>causa</strong></span> <span class='ocrx_word' id='word_1_210' title='bbox 1034 2851 1082 2912; x_wconf 86' lang='lat' dir='ltr'><strong>est</strong></span> <span class='ocrx_word' id='word_1_211' title='bbox 1101 2850 1138 2912; x_wconf 92' lang='lat' dir='ltr'><strong>de</strong></span> <span class='ocrx_word' id='word_1_212' title='bbox 1154 2847 1214 2911; x_wconf 90' lang='lat' dir='ltr'><strong>boc</strong></span> <span class='ocrx_word' id='word_1_213' title='bbox 1236 2848 1322 2928; x_wconf 92' lang='lat' dir='ltr'><strong>quod</strong></span> <span class='ocrx_word' id='word_1_214' title='bbox 1341 2844 1528 2910; x_wconf 83' lang='lat' dir='ltr'><strong>declinasti?</strong></span> 
     </span>
     <span class='ocr_line' id='line_1_24' title="bbox 215 2947 1131 3035; baseline -0.004 -22"><span class='ocrx_word' id='word_1_215' title='bbox 215 2949 347 3033; x_wconf 88' lang='lat' dir='ltr'><strong>Propria</strong></span> <span class='ocrx_word' id='word_1_216' title='bbox 369 2951 568 3015; x_wconf 89' lang='lat' dir='ltr'><strong>contentione</strong></span> <span class='ocrx_word' id='word_1_217' title='bbox 591 2972 610 3012; x_wconf 86' lang='lat' dir='ltr'><strong>a</strong></span> <span class='ocrx_word' id='word_1_218' title='bbox 631 2949 794 3032; x_wconf 87' lang='lat' dir='ltr'><strong>proposito</strong></span> <span class='ocrx_word' id='word_1_219' title='bbox 817 2947 927 3013; x_wconf 91' lang='lat' dir='ltr'><strong>ordine</strong></span> <span class='ocrx_word' id='word_1_220' title='bbox 950 2947 1131 3035; x_wconf 86' lang='lat' dir='ltr'><strong>discessisti.</strong></span> 
     </span>
     <span class='ocr_line' id='line_1_25' title="bbox 299 3041 1532 3133; baseline -0.003 -20"><span class='ocrx_word' id='word_1_221' title='bbox 299 3054 354 3114; x_wconf 82' lang='lat' dir='ltr'><strong>Ad.</strong></span> <span class='ocrx_word' id='word_1_222' title='bbox 376 3055 419 3114; x_wconf 79' lang='lat' dir='ltr'><strong>d:</strong></span> <span class='ocrx_word' id='word_1_223' title='bbox 449 3049 603 3114; x_wconf 91' lang='lat' dir='ltr'><strong>Permitto</strong></span> <span class='ocrx_word' id='word_1_224' title='bbox 632 3048 661 3114; x_wconf 91' lang='lat' dir='ltr'><strong>ei</strong></span> <span class='ocrx_word' id='word_1_225' title='bbox 687 3067 780 3133; x_wconf 83' lang='lat' dir='ltr'><strong>agere</strong></span> <span class='ocrx_word' id='word_1_226' title='bbox 805 3052 842 3111; x_wconf 90' lang='lat' dir='ltr'><strong>ut</strong></span> <span class='ocrx_word' id='word_1_227' title='bbox 868 3047 945 3111; x_wconf 92' lang='lat' dir='ltr'><strong>uult.</strong></span> <span class='ocrx_word' id='word_1_228' title='bbox 985 3045 1179 3129; x_wconf 82' lang='lat' dir='ltr'><strong>Quocunque</strong></span> <span class='ocrx_word' id='word_1_229' title='bbox 1208 3045 1291 3110; x_wconf 89' lang='lat' dir='ltr'><strong>enim</strong></span> <span class='ocrx_word' id='word_1_230' title='bbox 1316 3045 1362 3109; x_wconf 90' lang='lat' dir='ltr'><strong>ire</strong></span> <span class='ocrx_word' id='word_1_231' title='bbox 1394 3041 1532 3109; x_wconf 91' lang='lat' dir='ltr'><strong>uoluerit</strong></span> 
     </span>
    </p>

    <p class='ocr_par' dir='ltr' id='par_1_8' title="bbox 164 3147 1047 3232">
     <span class='ocr_line' id='line_1_26' title="bbox 164 3147 1047 3232; baseline 0 -20"><span class='ocrx_word' id='word_1_232' title='bbox 164 3159 198 3212; x_wconf 85' lang='lat'><strong>25</strong></span> <span class='ocrx_word' id='word_1_233' title='bbox 216 3169 387 3228; x_wconf 90' lang='lat' dir='ltr'><strong>occurram,</strong></span> <span class='ocrx_word' id='word_1_234' title='bbox 408 3148 505 3213; x_wconf 91' lang='lat' dir='ltr'><strong>immo</strong></span> <span class='ocrx_word' id='word_1_235' title='bbox 527 3171 592 3214; x_wconf 90' lang='lat' dir='ltr'><strong>non</strong></span> <span class='ocrx_word' id='word_1_236' title='bbox 616 3167 676 3232; x_wconf 82' lang='lat' dir='ltr'><strong>ego</strong></span> <span class='ocrx_word' id='word_1_237' title='bbox 697 3149 753 3212; x_wconf 92' lang='lat' dir='ltr'><strong>sed</strong></span> <span class='ocrx_word' id='word_1_238' title='bbox 773 3147 891 3212; x_wconf 90' lang='lat' dir='ltr'><strong>ueritas</strong></span> <span class='ocrx_word' id='word_1_239' title='bbox 913 3168 1047 3212; x_wconf 89' lang='lat' dir='ltr'><strong>mecum.</strong></span> 
     </span>
    </p>

    <p class='ocr_par' dir='ltr' id='par_1_9' title="bbox 216 3235 1531 3432">
     <span class='ocr_line' id='line_1_27' title="bbox 297 3235 1531 3331; baseline -0.003 -19"><span class='ocrx_word' id='word_1_240' title='bbox 297 3253 375 3313; x_wconf 85' lang='lat' dir='ltr'><strong>Mor.</strong></span> <span class='ocrx_word' id='word_1_241' title='bbox 397 3253 437 3312; x_wconf 83' lang='lat' dir='ltr'><strong>d:</strong></span> <span class='ocrx_word' id='word_1_242' title='bbox 469 3246 591 3323; x_wconf 85' lang='lat' dir='ltr'><strong>Quibus</strong></span> <span class='ocrx_word' id='word_1_243' title='bbox 619 3246 781 3331; x_wconf 88' lang='lat' dir='ltr'><strong>scripturis</strong></span> <span class='ocrx_word' id='word_1_244' title='bbox 807 3247 1002 3329; x_wconf 76' lang='lat' dir='ltr'><strong>acquiescis?</strong></span> <span class='ocrx_word' id='word_1_245' title='bbox 1032 3249 1069 3310; x_wconf 92' lang='lat' dir='ltr'><strong>ut</strong></span> <span class='ocrx_word' id='word_1_246' title='bbox 1099 3267 1136 3310; x_wconf 85' lang='lat' dir='ltr'><strong>ex</strong></span> <span class='ocrx_word' id='word_1_247' title='bbox 1163 3245 1240 3328; x_wconf 92' lang='lat' dir='ltr'><strong>ipsis</strong></span> <span class='ocrx_word' id='word_1_248' title='bbox 1267 3245 1431 3309; x_wconf 85' lang='lat' dir='ltr'><strong>ostendam</strong></span> <span class='ocrx_word' id='word_1_249' title='bbox 1456 3235 1531 3327; x_wconf 81' lang='lat' dir='ltr'><strong>quia</strong></span> 
     </span>
     <span class='ocr_line' id='line_1_28' title="bbox 216 3349 541 3432; baseline -0.003 -20"><span class='ocrx_word' id='word_1_250' title='bbox 216 3369 288 3415; x_wconf 90' lang='lat' dir='ltr'><strong>caro</strong></span> <span class='ocrx_word' id='word_1_251' title='bbox 311 3349 541 3432; x_wconf 77' lang='lat' dir='ltr'><strong>nonresurgir.</strong></span> 
     </span>
    </p>

    <p class='ocr_par' dir='ltr' id='par_1_10' title="bbox 299 3444 1343 3530">
     <span class='ocr_line' id='line_1_29' title="bbox 299 3444 1343 3530; baseline -0.004 -18"><span class='ocrx_word' id='word_1_252' title='bbox 299 3453 353 3512; x_wconf 84' lang='lat' dir='ltr'><strong>Ad.</strong></span> <span class='ocrx_word' id='word_1_253' title='bbox 375 3452 414 3512; x_wconf 81' lang='lat' dir='ltr'><strong>d:</strong></span> <span class='ocrx_word' id='word_1_254' title='bbox 437 3445 591 3512; x_wconf 91' lang='lat' dir='ltr'><strong>Omnibus</strong></span> <span class='ocrx_word' id='word_1_255' title='bbox 612 3446 775 3530; x_wconf 86' lang='lat' dir='ltr'><strong>scripturis</strong></span> <span class='ocrx_word' id='word_1_256' title='bbox 798 3467 876 3529; x_wconf 87' lang='lat' dir='ltr'><strong>quas</strong></span> <span class='ocrx_word' id='word_1_257' title='bbox 897 3446 994 3512; x_wconf 90' lang='lat' dir='ltr'><strong>habet</strong></span> <span class='ocrx_word' id='word_1_258' title='bbox 1016 3444 1147 3510; x_wconf 83' lang='lat' dir='ltr'><strong>ecclesia</strong></span> <span class='ocrx_word' id='word_1_259' title='bbox 1168 3444 1343 3526; x_wconf 84' lang='lat' dir='ltr'><strong>acquiesco.</strong></span> 
     </span>
    </p>

    <p class='ocr_par' dir='ltr' id='par_1_11' title="bbox 298 3542 1527 3631">
     <span class='ocr_line' id='line_1_30' title="bbox 298 3542 1527 3631; baseline -0.004 -19"><span class='ocrx_word' id='word_1_260' title='bbox 298 3553 374 3612; x_wconf 85' lang='lat' dir='ltr'><strong>Mur.</strong></span> <span class='ocrx_word' id='word_1_261' title='bbox 389 3551 428 3610; x_wconf 85' lang='lat' dir='ltr'><strong>d:</strong></span> <span class='ocrx_word' id='word_1_262' title='bbox 450 3544 535 3631; x_wconf 83' lang='lat' dir='ltr'><strong>Lego</strong></span> <span class='ocrx_word' id='word_1_263' title='bbox 554 3545 742 3611; x_wconf 91' lang='lat' dir='ltr'><strong>sententiam</strong></span> <span class='ocrx_word' id='word_1_264' title='bbox 764 3545 815 3610; x_wconf 88' lang='lat' dir='ltr'><strong>dei</strong></span> <span class='ocrx_word' id='word_1_265' title='bbox 841 3566 904 3628; x_wconf 86' lang='lat' dir='ltr'><strong>qua</strong></span> <span class='ocrx_word' id='word_1_266' title='bbox 924 3543 1144 3628; x_wconf 86' lang='lat' dir='ltr'><strong>pronuntiauit</strong></span> <span class='ocrx_word' id='word_1_267' title='bbox 1163 3543 1197 3606; x_wconf 92' lang='lat' dir='ltr'><strong>in</strong></span> <span class='ocrx_word' id='word_1_268' title='bbox 1218 3542 1317 3626; x_wconf 91' lang='lat' dir='ltr'><strong>priori</strong></span> <span class='ocrx_word' id='word_1_269' title='bbox 1338 3545 1527 3607; x_wconf 90' lang='lat' dir='ltr'><strong>testamento</strong></span> 
     </span>
    </p>

    <p class='ocr_par' dir='ltr' id='par_1_12' title="bbox 165 3643 1530 3826">
     <span class='ocr_line' id='line_1_31' title="bbox 165 3643 1530 3728; baseline -0.002 -20"><span class='ocrx_word' id='word_1_270' title='bbox 165 3653 199 3708; x_wconf 88' lang='lat'><strong>30</strong></span> <span class='ocrx_word' id='word_1_271' title='bbox 216 3645 336 3711; x_wconf 90' lang='lat' dir='ltr'><strong>diceus:</strong></span> <span class='ocrx_word' id='word_1_272' title='bbox 361 3643 437 3709; x_wconf 80' lang='lat' dir='ltr'><strong>Nou</strong></span> <span class='ocrx_word' id='word_1_273' title='bbox 451 3650 637 3726; x_wconf 72' lang='lat' dir='ltr'><strong>pernionebit</strong></span> <span class='ocrx_word' id='word_1_274' title='bbox 656 3651 782 3728; x_wconf 71' lang='lat' dir='ltr'><strong>spiritu</strong></span> <span class='ocrx_word' id='word_1_275' title='bbox 802 3667 887 3708; x_wconf 77' lang='lat' dir='ltr'><strong>orcus</strong></span> <span class='ocrx_word' id='word_1_276' title='bbox 907 3650 942 3708; x_wconf 77' lang='lat' dir='ltr'><strong>iu</strong></span> <span class='ocrx_word' id='word_1_277' title='bbox 963 3648 1136 3709; x_wconf 70' lang='lat' dir='ltr'><strong>bominibus</strong></span> <span class='ocrx_word' id='word_1_278' title='bbox 1161 3648 1238 3722; x_wconf 69' lang='lat' dir='ltr'><strong>otu,</strong></span> <span class='ocrx_word' id='word_1_279' title='bbox 1264 3647 1336 3724; x_wconf 82' lang='lat' dir='ltr'><strong>quic</strong></span> <span class='ocrx_word' id='word_1_280' title='bbox 1362 3664 1429 3706; x_wconf 85' lang='lat' dir='ltr'><strong>curo</strong></span> <span class='ocrx_word' id='word_1_281' title='bbox 1456 3653 1530 3707; x_wconf 68' lang='lat' dir='ltr'><strong>nort</strong></span> 
     </span>
     <span class='ocr_line' id='line_1_32' title="bbox 216 3751 1151 3826; baseline -0.004 -16"><span class='ocrx_word' id='word_1_282' title='bbox 216 3756 241 3810; x_wconf 77' lang='lat' dir='ltr'><strong>et</strong></span> <span class='ocrx_word' id='word_1_283' title='bbox 262 3751 397 3826; x_wconf 73' lang='lat' dir='ltr'><strong>sanquis.</strong></span> <span class='ocrx_word' id='word_1_284' title='bbox 1057 3763 1059 3766; x_wconf 85' lang='lat'>·</span> <span class='ocrx_word' id='word_1_285' title='bbox 1149 3777 1151 3780; x_wconf 95' lang='lat'>·</span> 
     </span>
    </p>

    <p class='ocr_par' dir='ltr' id='par_1_13' title="bbox 300 3841 1527 3930">
     <span class='ocr_line' id='line_1_33' title="bbox 300 3841 1527 3930; baseline -0.002 -21"><span class='ocrx_word' id='word_1_286' title='bbox 300 3849 354 3909; x_wconf 83' lang='lat' dir='ltr'><strong>Ad.</strong></span> <span class='ocrx_word' id='word_1_287' title='bbox 370 3850 409 3910; x_wconf 84' lang='lat' dir='ltr'><strong>d:</strong></span> <span class='ocrx_word' id='word_1_288' title='bbox 431 3842 514 3909; x_wconf 92' lang='lat' dir='ltr'><strong>Uide</strong></span> <span class='ocrx_word' id='word_1_289' title='bbox 537 3844 613 3927; x_wconf 91' lang='lat' dir='ltr'><strong>quid</strong></span> <span class='ocrx_word' id='word_1_290' title='bbox 633 3843 719 3909; x_wconf 90' lang='lat' dir='ltr'><strong>dicis.</strong></span> <span class='ocrx_word' id='word_1_291' title='bbox 747 3848 786 3907; x_wconf 81' lang='lat' dir='ltr'><strong>In</strong></span> <span class='ocrx_word' id='word_1_292' title='bbox 803 3848 880 3930; x_wconf 79' lang='lat' dir='ltr'><strong>istie,</strong></span> <span class='ocrx_word' id='word_1_293' title='bbox 902 3841 988 3922; x_wconf 90' lang='lat' dir='ltr'><strong>dicit,</strong></span> <span class='ocrx_word' id='word_1_294' title='bbox 1009 3863 1072 3906; x_wconf 81' lang='lat' dir='ltr'><strong>uon</strong></span> <span class='ocrx_word' id='word_1_295' title='bbox 1080 3845 1266 3922; x_wconf 77' lang='lat' dir='ltr'><strong>pernrauebit</strong></span> <span class='ocrx_word' id='word_1_296' title='bbox 1280 3845 1406 3922; x_wconf 78' lang='lat' dir='ltr'><strong>spiritua</strong></span> <span class='ocrx_word' id='word_1_297' title='bbox 1423 3864 1527 3910; x_wconf 74' lang='lat' dir='ltr'><strong>meve:</strong></span> 
     </span>
    </p>
   </div>
   <div class='ocr_carea' id='block_1_4' title="bbox 305 4648 1238 4724">
    <p class='ocr_par' dir='ltr' id='par_1_14' title="bbox 305 4648 1238 4724">
     <span class='ocr_line' id='line_1_34' title="bbox 305 4648 1238 4724; baseline -0.011 -13"><span class='ocrx_word' id='word_1_298' title='bbox 305 4656 344 4711; x_wconf 83' lang='lat' dir='ltr'><strong>la</strong></span> <span class='ocrx_word' id='word_1_299' title='bbox 363 4652 450 4724; x_wconf 81' lang='lat' dir='ltr'><strong>salsis]</strong></span> <span class='ocrx_word' id='word_1_300' title='bbox 473 4652 538 4710; x_wconf 85' lang='lat' dir='ltr'><strong>Cod.</strong></span> <span class='ocrx_word' id='word_1_301' title='bbox 557 4671 592 4708; x_wconf 83' lang='lat' dir='ltr'><strong>w.</strong></span> <span class='ocrx_word' id='word_1_302' title='bbox 609 4670 632 4706; x_wconf 90' lang='lat' dir='ltr'><strong>e.</strong></span> <span class='ocrx_word' id='word_1_303' title='bbox 651 4652 707 4706; x_wconf 92' lang='lat' dir='ltr'><strong>sch.</strong></span> <span class='ocrx_word' id='word_1_304' title='bbox 725 4650 821 4705; x_wconf 85' lang='lat' dir='ltr'><strong>ufalsis</strong></span> <span class='ocrx_word' id='word_1_305' title='bbox 836 4651 841 4718; x_wconf 73' lang='lat' dir='ltr'><strong>l</strong></span> <span class='ocrx_word' id='word_1_306' title='bbox 858 4650 896 4706; x_wconf 76' lang='grc'><strong>19</strong></span> <span class='ocrx_word' id='word_1_307' title='bbox 915 4648 981 4706; x_wconf 83' lang='lat' dir='ltr'><strong>cod.</strong></span> <span class='ocrx_word' id='word_1_308' title='bbox 1000 4648 1145 4706; x_wconf 83' lang='lat' dir='ltr'><strong>ostendite.</strong></span> <span class='ocrx_word' id='word_1_309' title='bbox 1163 4679 1197 4690; x_wconf 92' lang='lat'>—</span> <span class='ocrx_word' id='word_1_310' title='bbox 1216 4649 1238 4701; x_wconf 90' lang='grc' dir='ltr'><strong>Β</strong></span> 
     </span>
    </p>
   </div>
   <div class='ocr_carea' id='block_1_5' title="bbox 0 0 1881 5528">
    <p class='ocr_par' dir='ltr' id='par_1_15' title="bbox 0 0 1881 5528">
     <span class='ocr_line' id='line_1_35' title="bbox 0 0 1881 5528; baseline 0 0"><span class='ocrx_word' id='word_1_311' title='bbox 0 0 1881 5528; x_wconf 95' lang='lat' dir='ltr'><strong> </strong></span> 
     </span>
    </p>
   </div>
  </div>
 </body>
</html>
