3744 5524
213 509 324 581 Casperi
341 511 354 565 I
372 527 394 565 c
413 511 454 566 23.
471 511 511 566 24.
812 513 919 584 Dielog.
1481 524 1521 584 47

296 686 381 744 Eutr.
403 684 443 745 d:
463 679 668 746 Manifestum
691 687 738 747 est
759 683 835 766 quie
855 682 1104 769 intellegentiam
1124 704 1182 766 pro
1204 682 1336 748 scientie
1356 684 1407 749 vel
1433 683 1521 768 egni-

213 779 299 844 tione
314 779 485 862 scripturae
499 802 616 864 ponere
633 783 788 862 uidentur,
811 805 883 849 cum
905 783 982 850 dicit
995 783 1148 866 prophete
1170 781 1257 866 quie:
1277 786 1372 848 lsrael
1391 807 1438 848 mo
1458 807 1521 848 noo

213 885 352 960 coqueret
364 889 391 944 et
407 884 542 962 populus
555 904 602 946 me
616 905 679 946 non
699 886 846 948 iubllmit.
882 881 1034 948 Similiter
1053 885 1085 947 et
1099 880 1242 948 Christus
1263 901 1337 948 cum
1359 883 1520 968 discipulis

212 979 335 1063 positus
357 979 482 1045 dicebat
503 981 590 1064 quie:
618 986 710 1048 Nemo
730 987 818 1046 uouit
838 986 951 1063 filium,
972 987 1037 1047 uisi
1051 993 1144 1064 pater,
1166 984 1198 1046 et
1219 1003 1344 1047 rursum
1364 983 1427 1062 his,
1449 1005 1521 1049 cum

180 1079 328 1162 equibus
350 1083 424 1159 eret,
446 1079 584 1146 dicebat:
605 1085 675 1146 Nem
693 1087 857 1168 occicus.

296 1201 322 1244 o.
335 1177 472 1249 xxlv.
507 1185 582 1262 Mep.
595 1185 635 1246 d:
656 1179 769 1246 Hebeo
789 1179 1001 1246 ualidissimas
1022 1181 1261 1265 propositiones,
1284 1183 1399 1266 quibus
1421 1187 1521 1248 osten-

214 1281 285 1342 dnm
308 1277 468 1344 Christum
487 1302 550 1346 non
571 1301 637 1346 esse
653 1279 754 1344 filium
768 1280 845 1344 iusti
860 1281 911 1345 dei
932 1282 1089 1360 creatoris,
1111 1283 1200 1346 cuius
1223 1279 1366 1346 Christus
1388 1283 1521 1346 necdum

214 1379 309 1444 uenit
352 1377 387 1442 Si
408 1379 491 1442 enim
512 1379 662 1456 uenisset,
689 1380 756 1444 sine
779 1379 876 1444 dubio
898 1380 1011 1445 fuisset
1032 1378 1191 1465 expletum
1211 1380 1293 1446 illud
1315 1382 1401 1464 quod
1423 1382 1461 1444 de
1484 1402 1536 1456 eo,

213 1479 456 1561 propheteueret
484 1478 603 1544 Deuid:
640 1483 737 1553 Quare
761 1483 952 1558 fremuerunt
979 1490 1079 1561 penus
1103 1491 1130 1544 et
1152 1483 1261 1561 populi
1289 1484 1422 1546 meditati
1450 1490 1522 1544 eunt

164 1583 197 1637 10
213 1583 344 1642 iconio?
369 1583 535 1643 Astiterunt
552 1601 632 1660 repes
654 1587 745 1642 terroe
766 1589 792 1642 et
808 1581 959 1660 princepae
980 1589 1182 1648 conuenerunt
1201 1584 1236 1643 in
1257 1601 1357 1644 cruore
1377 1585 1522 1644 aduersus

214 1682 371 1742 dominum
396 1687 423 1742 ct
446 1683 591 1743 adorsus
614 1681 766 1746 Chrietwn
792 1683 864 1744 ciue.
906 1675 950 1742 Et
970 1699 1107 1744 rursum:
1133 1684 1200 1744 Pete
1220 1702 1239 1742 o
1261 1701 1309 1743 me
1328 1687 1355 1744 ee
1375 1683 1448 1744 doto
1471 1681 1523 1744 tibi

90 1767 95 1776 ⁸
212 1787 311 1859 pectes
330 1781 535 1840 medicalem
557 1787 640 1842 tuom
658 1787 684 1842 et
703 1800 785 1859 repes
805 1799 854 1842 ees
874 1782 910 1842 ire
928 1783 1018 1860 uirgo
1037 1783 1141 1860 serres.
1175 1777 1225 1843 Er
1239 1779 1300 1846 hoc
1315 1797 1391 1863 ergo
1409 1799 1525 1861 appro-

213 1877 307 1941 betur
332 1879 418 1959 quod
444 1873 587 1940 Christus
609 1875 672 1956 hic,
699 1877 754 1961 qui
774 1877 873 1957 uenit,
896 1877 976 1943 elius
998 1881 1057 1958 est,
1079 1879 1155 1962 quie
1174 1900 1278 1962 noque
1298 1895 1396 1962 reges,
1418 1899 1520 1961 neque

213 1975 372 2059 principes
386 1975 623 2041 insurrexerunt
636 1980 786 2042 odoenus
801 1999 883 2057 eum,
903 1999 1006 2062 neque
1022 1983 1130 2060 gentes
1144 1978 1178 2042 in
1196 1978 1288 2062 uirge
1309 1978 1411 2043 ferree
1432 1977 1522 2062 regit

163 2081 196 2134 15
296 2075 354 2140 Ad.
374 2080 414 2140 d:
445 2074 631 2160 Quicunque
653 2075 842 2142 uidebuntur
863 2098 931 2142 esse
950 2097 1041 2162 reges
1066 2077 1101 2142 in
1121 2076 1218 2142 lsreel
1240 2080 1272 2142 et
1293 2077 1444 2142 hebentes
1465 2097 1521 2160 po·
1613 2087 1616 2094 '

213 2177 359 2240 testatem
384 2175 470 2240 uitae
496 2179 527 2240 et
554 2177 674 2256 mortis,
704 2197 812 2241 omnes
843 2178 993 2241 aduersus
1024 2175 1184 2242 Christum
1214 2180 1437 2242 conuenerunt
1478 2173 1521 2239 Et

214 2273 290 2357 quie
303 2274 337 2338 in
351 2275 441 2359 virge
454 2275 556 2340 terren
568 2261 680 2360 gentes
695 2277 918 2359 gubernentur,
940 2275 1117 2341 ostenditur
1136 2276 1169 2340 in
1189 2275 1358 2359 prophetie
1370 2274 1521 2352 Danielis

213 2373 346 2440 dicentis
375 2379 450 2458 post
475 2396 603 2439 eureum
630 2379 661 2440 et
686 2379 871 2458 argenteum
898 2379 929 2438 et
954 2397 1080 2440 cereum
1111 2393 1276 2459 exsurgere
1302 2394 1434 2459 regnum
1460 2375 1520 2438 fer·

213 2495 310 2554 reum,
332 2477 418 2558 quod
438 2492 572 2557 regnum
593 2475 660 2539 sine
681 2474 777 2541 dubio
794 2473 1008 2540 Romanorum
1030 2477 1085 2554 est,
1105 2477 1139 2540 in
1162 2498 1225 2558 quo
1247 2493 1346 2558 regno
1367 2477 1521 2558 reguntur

162 2573 197 2628 20
214 2578 324 2658 gentes
350 2594 429 2657 ques
455 2573 516 2638 sibi
543 2571 686 2638 Christus
711 2573 745 2637 in
771 2573 996 2639 haereditatem
1016 2574 1085 2638 deri
1105 2574 1259 2658 poposcit.
1302 2575 1368 2654 (Sed
1387 2583 1415 2634 et
1432 2595 1520 2634 sermo

214 2671 399 2742 correptionis,
418 2670 483 2742 quis
494 2671 679 2740 unusquisque
691 2672 726 2726 eb
739 2688 772 2727 eo
783 2670 956 2742 redarguitur
972 2689 1022 2741 pro
1039 2676 1152 2742 peccato
1170 2676 1199 2728 et
1217 2673 1275 2742 (ut)
1294 2689 1342 2728 uss
1360 2672 1438 2743 figuli
1455 2689 1517 2726 oon·

214 2755 343 2826 fringitur
360 2772 408 2826 per
426 2755 623 2827 poenitentium
640 2759 669 2811 et
690 2755 778 2812 cernis
800 2756 942 2812 interitum
965 2758 996 2811 ut
1014 2756 1123 2827 spiritus
1141 2757 1233 2812 sclnus
1251 2757 1312 2823 fiet,
1334 2757 1414 2827 uirga
1432 2759 1518 2812 ferree

214 2848 358 2903 nominate
374 2840 436 2924 est.)
473 2841 535 2906 Sed
554 2846 585 2906 et
603 2841 679 2906 alibi
701 2841 790 2906 dicit:
811 2846 950 2920 Domine,
971 2865 1085 2907 memor
1098 2853 1157 2908 esto
1172 2849 1270 2908 nostri
1289 2849 1324 2908 iu
1344 2847 1518 2924 beneplacito

152 2930 159 2943 ⁴
215 2955 274 3016 tuo,
296 2948 392 3008 cirita
411 2965 469 3006 nos
489 2947 524 3005 r'n
545 2945 717 3022 teeeeplocito
738 2946 835 3022 pectis
856 2952 931 3006 tuce.

299 3076 318 3131 4
338 3075 471 3146 »positus«
491 3074 615 3129 verstehe
631 3073 677 3128 ich
692 3071 782 3138 nieht;
801 3089 829 3128 es
847 3073 954 3128 scheint
970 3072 1023 3127 mir
1035 3073 1149 3145 horropt
1167 3091 1200 3128 zo
1213 3074 1280 3141 sein,
1298 3073 1344 3129 ich
1361 3074 1434 3129 finde
1452 3074 1518 3128 eber

213 3159 294 3216 lisine
310 3159 410 3215 leicbte
422 3158 614 3214 Emendation.
633 3159 700 3211 -B
715 3158 751 3225 18
767 3157 851 3228 uenit]
866 3157 930 3214 cod.
943 3157 1001 3235 enit
1012 3157 1064 3212 mit
1079 3176 1126 3211 »u«
1139 3158 1207 3212 {lber
1218 3159 1281 3214 dem
1296 3175 1341 3212 »e«
1358 3160 1362 3227 Ι
1380 3159 1417 3214 12
1433 3157 1515 3214 »llos«

213 3243 280 3314 geht
298 3245 348 3299 cul
365 3244 525 3298 »terminos«
544 3242 573 3296 iu
592 3241 654 3296 dem
673 3241 882 3313 eusgelessenen
900 3242 1015 3298 nweiten
1031 3241 1183 3298 Hemistich
1202 3261 1255 3298 von
1268 3244 1311 3304 Ps.
1324 3242 1382 3296 228
1402 3247 1439 3294 »st
1454 3259 1517 3309 pos·

213 3329 360 3381 sessrbrrem
378 3333 455 3381 leram
473 3326 604 3380 terminos
622 3331 723 3380 terram
744 3328 852 3382 nurtlclr.
889 3327 964 3381 Doch
983 3325 1086 3382 kltnnte
1104 3343 1132 3380 es
1150 3326 1208 3381 sich
1226 3329 1296 3382 euch
1314 3327 1364 3382 eus
1379 3326 1433 3380 elle
1454 3325 1517 3381 llin-
1542 3355 1546 3363 ·

213 3411 309 3466 zelnen
327 3412 356 3466 in
374 3412 427 3468 den
447 3413 572 3482 »gentes«
590 3411 729 3466 bcziehen.
759 3411 822 3482 Vgl.
835 3409 884 3464 des
904 3416 1009 3464 »euntes
1027 3427 1088 3478 erpo
1105 3411 1191 3464 docete
1208 3429 1299 3465 omnes
1314 3415 1413 3480 podes,
1432 3411 1517 3477 bapti·

212 3501 305 3550 rentes
323 3513 380 3550 cos«
395 3499 445 3552 etc.
465 3497 688 3562 Mr.28:19l17
710 3495 815 3566 gentes]
836 3495 900 3551 θοὰ.
918 3511 995 3566 reges
1011 3501 1014 3558 Ι
1031 3495 1068 3550 21
1089 3495 1161 3566 quie]
1180 3495 1258 3565 Cesp.
1276 3513 1330 3564 quo
1349 3495 1417 3550 -B
1432 3495 1436 3562 Ι
1452 3493 1517 3549 Cod.

212 3583 307 3636 etuas
325 3581 411 3650 figuli.
446 3579 567 3649 Moglich
584 3579 662 3645 euch,
681 3579 743 3634 dese
764 3579 813 3634 des
831 3579 1018 3650 eusgefellene
1029 3579 1111 3634 Wort
1128 3582 1290 3648 »tauquam«
1310 3597 1376 3646 wer,
1394 3597 1451 3632 was
1469 3579 1519 3633 wir

212 3667 256 3720 Pe.
269 3667 297 3720 2:
310 3667 327 3722 9
344 3665 373 3720 in
387 3665 440 3719 den
452 3665 536 3720 Peelt.
550 3663 650 3730 finden,
667 3665 799 3738 webrend
810 3665 1001 3733 Hieronymus’
1015 3664 1110 3735 uigens
1122 3652 1217 3720 Ubere.
1230 3663 1350 3718 deselbst
1368 3666 1428 3717 »ut«
1443 3663 1492 3717 het
1513 3665 1517 3732 l

213 3750 252 3805 22
271 3749 336 3806 (lod.
355 3749 542 3820 confringetur
557 3750 560 3816 l
575 3748 604 3802 in
623 3749 688 3803 oder
705 3749 741 3802 sd
759 3751 828 3803 stett
848 3751 903 3801 »et«
924 3748 986 3803 liest
1003 3747 1113 3818 Corpori
1131 3749 1202 3802 nach
1220 3749 1269 3803 der
1287 3748 1335 3804 let.
1348 3748 1434 3812 cibel,
1452 3747 1519 3802 eber

212 3833 257 3888 die
268 3833 424 3902 Konjektur
439 3834 476 3888 iet
492 3833 617 3903 unndtig.
635 3833 702 3888 -B
718 3835 722 3900 Ι
738 3833 853 3888 20-28
872 3832 923 3887 Die
935 3833 1032 3888 Worte
1046 3834 1108 3887 »sed
1120 3835 1148 3887 et
1160 3849 1248 3887 sermo
1261 3863 1293 3870 -
1306 3831 1449 3887 nominate
1460 3835 1515 3886 eet«

211 3917 304 3972 finden
322 3918 381 3973 sich
397 3919 475 3973 nicht
491 3918 530 3972 im
548 3935 589 3988 gr.
601 3917 631 3973 Τ.
649 3918 711 3972 und·
723 3917 784 3972 sind
801 3917 940 3972 eutweder
960 3935 1013 3974 von
1030 3918 1110 3972 Rufio
1128 3917 1195 3972 oder
1214 3933 1267 3971 von
1285 3917 1373 3972 ciuem
1392 3920 1517 3986 ephteren

210 4001 399 4072 binzugefllgt.
435 4001 479 4058 sie
502 4002 589 4073 geben
613 4000 674 4057 eine
695 4002 789 4058 uweite
812 4001 970 4072 Erkldrung
991 4003 1039 4058 der
1061 4019 1116 4057 von
1133 4001 1206 4072 Meg.
1229 4002 1411 4071 eugefilhrten
1433 4000 1518 4056 Stelle

211 4086 254 4142 Pe.
273 4088 302 4153 2,
329 4086 456 4142 erklbren
480 4089 547 4143 eber
563 4085 609 4143 die
627 4087 704 4140 nicht
726 4103 780 4141 von
798 4085 856 4140 ihm
878 4087 1060 4156 engefflhrten
1079 4086 1175 4140 Worte
1197 4081 1238 4150 ὼς
1255 4091 1356 4150 σκεῦος
1371 4084 1519 4157 κεραμέως

211 4171 373 4242 συντρίψεις
394 4169 504 4236 αὐτούς.
538 4171 594 4226 Der
611 4171 751 4226 Verlesser
775 4169 863 4224 dieser
880 4169 1038 4240 Erkltrong
1059 4169 1166 4226 soheint
1188 4188 1223 4224 sn
1241 4169 1344 4225 Stellen
1364 4170 1416 4224 wic
1434 4174 1517 4240 Apoc.

212 4258 255 4311 19:
268 4258 307 4320 15,
326 4255 355 4310 2:
367 4257 400 4312 27
419 4255 538 4326 gedeoht
555 4273 589 4310 ιιι
606 4255 706 4310 haben.
723 4256 797 4308 -B
821 4256 824 4322 l
850 4253 889 4310 28
909 4255 1088 4310 »Νοιιιίιιιιιαι
1111 4253 1148 4308 ist
1170 4253 1311 4309 vielleicht
1333 4252 1411 4308 nicht
1432 4253 1518 4308 durch

213 4340 307 4410 ›uirge
329 4339 433 4395 ferree«
456 4340 700 4410 hervorgerul'ener
716 4339 886 4406 Textfehler,
913 4338 1031 4394 eondern
1054 4338 1140 4394 durch
1162 4339 1323 4394 Attrehtion
1345 4338 1516 4393 entetsuden.

209 4424 289 4478 Diese
310 4423 360 4494 leg
381 4423 442 4480 hier
458 4443 505 4480 um
523 4443 553 4480 eo
570 4425 664 4490 nllher,
687 4424 728 4479 uls
749 4440 866 4478 »sermo«
887 4440 916 4478 so
934 4423 994 4478 lern
1012 4424 1087 4478 steht
1104 4425 1110 4492 Ι
1130 4423 1289 4490 sescenis
1311 4439 1348 4477 en
1365 4423 1423 4477 sich
1441 4423 1518 4477 nicht

208 4507 287 4563 llere
305 4507 536 4580 Beweisfdhrung
554 4509 601 4564 des
624 4528 663 4580 gr.
682 4508 892 4563 Schriftstellers
915 4508 951 4562 ist
972 4508 1001 4562 in
1020 4507 1104 4564 Rullo
1124 4498 1311 4577 llbersetznng
1332 4525 1403 4578 genn
1420 4523 1515 4562 unver-

209 4592 347 4648 rthndlich
370 4593 528 4663 geworden:
556 4594 600 4649 die
618 4594 725 4660 Worte,
753 4595 802 4648 eus
823 4593 867 4648 die
889 4609 917 4646 es
935 4592 1079 4647 enhommt
1098 4599 1164 4648 »τοῦ
1181 4589 1361 4648 ἐπαινεῖσθαι
1378 4590 1450 4660 μετὰ
1468 4596 1518 4659 τῆς

208 4678 400 4750 κληρονομίας
418 4693 470 4734 σου
488 4677 549 4732 sind
568 4678 750 4748 eusgelessen.
769 4707 801 4716 -
821 4679 850 4730 B.
