3708 5528
206 492 317 563 Caspari
334 491 346 546 I
364 509 386 547 c.
399 490 424 546 3.
807 492 915 562 Dialog.
1496 503 1514 562 7

206 665 335 726 cerunt?
376 662 430 724 aut
460 659 677 744 unusquisque
708 661 769 727 sibi
798 663 874 727 fecit
896 662 1062 740 hominem,
1094 661 1150 744 qui
1176 664 1216 725 ad
1241 684 1333 726 suum
1358 663 1515 744 pertineat

206 760 437 843 principatum?

289 884 363 956 Mep.
384 882 423 940 d:
452 874 528 942 Non
548 879 609 943 toti
630 882 693 943 tres
714 878 874 942 hominem
896 883 1088 956 creauerunt,
1111 881 1165 942 scd
1186 883 1284 944 unus

290 980 345 1038 Ad.
367 981 406 1040 d:
436 974 513 1052 Quis
535 979 716 1042 extribus?

174 1084 191 1136 5
289 1079 362 1156 May.
383 1081 422 1140 d:
451 1075 639 1141 Iudaeorum
660 1077 813 1160 princeps.

290 1195 344 1256 Ad.
367 1195 407 1256 d:
437 1191 471 1256 Si
496 1191 685 1257 Iudaeorum
712 1195 788 1257 deus
815 1193 934 1257 creauit
955 1193 1109 1273 homines,
1132 1197 1292 1277 quomodo
1315 1199 1370 1258 aut
1392 1197 1514 1279 quade

208 1313 302 1356 cause
327 1296 384 1356 eut
408 1290 622 1371 homedeus,
648 1297 703 1357 aut
724 1292 777 1357 ille
799 1291 892 1371 eiius,
919 1293 1033 1373 melus,
1060 1297 1249 1376 potestatem
1274 1294 1308 1358 in
1333 1294 1514 1359 hominibus

207 1392 342 1457 habent?
377 1390 427 1456 Ex
458 1396 593 1476 utroque
623 1393 707 1456 enim
737 1395 860 1458 creator
888 1393 991 1475 magis
1022 1394 1197 1458 ostenditur
1221 1395 1333 1460 bonus.
1376 1393 1410 1458 Si
1432 1395 1514 1458 enim

207 1490 370 1556 uoluntate
392 1491 544 1571 concedit,
568 1497 604 1556 ut
624 1495 812 1575 potestatem
834 1492 970 1556 habeant
988 1493 1020 1555 in
1040 1493 1089 1557 his
1112 1515 1191 1577 quos
1210 1494 1278 1577 ipse
1297 1493 1372 1558 fecit
1394 1499 1516 1559 creator

157 1598 189 1651 10
207 1594 291 1670 deus,
314 1590 490 1655 ostenditur
512 1595 588 1657 deus
609 1593 712 1656 bonos
734 1591 789 1674 qui
811 1590 922 1656 alienis
945 1597 977 1655 et
997 1594 1150 1658 extraneis
1173 1593 1346 1659 dominium
1368 1594 1514 1676 propriae

206 1690 413 1775 possessionis
432 1690 580 1774 impertit.
616 1689 650 1754 Si
672 1713 747 1756 uero
770 1691 890 1756 nolenti
911 1713 968 1774 per
988 1691 1054 1756 uim
1077 1697 1281 1773 extorserunt,
1303 1692 1398 1757 etiem
1413 1695 1514 1758 bonus

205 1792 264 1856 iste
287 1793 363 1854 deus
390 1789 568 1854 inuenietur
592 1791 694 1855 malus
717 1813 789 1854 cum
815 1790 872 1855 illo
900 1793 955 1874 qui
981 1813 1054 1856 uere
1080 1793 1263 1875 malusest,
1288 1814 1346 1876 pro
1369 1814 1405 1857 eo
1429 1795 1515 1876 qnod

206 1889 341 1954 alienam
362 1888 592 1972 possessionem
613 1889 769 1955 uiolenter
789 1891 949 1955 inusserit

288 2011 375 2072 narr.
398 2002 501 2088 (iude)
524 2009 561 2071 d.:
596 2005 677 2089 (Si*)
707 2011 798 2089 pater
826 2005 944 2072 Christi
974 2007 1077 2072 bonus
1108 2007 1223 2071 dicitur
1250 2009 1338 2085 deus,
1369 2011 1400 2072 et
1430 2007 1514 2072 idem

155 2115 188 2168 15
207 2127 332 2171 rursum
363 2106 512 2171 creatoris
540 2105 591 2169 dei
627 2126 722 2188 opere
751 2105 804 2169 uel
839 2105 1003 2190 figmenta,
1032 2106 1065 2169 id
1097 2113 1145 2172 est
1170 2106 1312 2172 homines
1343 2129 1424 2190 quos
1454 2107 1515 2172 sibi

207 2207 261 2271 ille
296 2210 468 2285 creaueret,
500 2205 615 2270 dicitur
646 2205 812 2284 inuasisse,
842 2228 905 2271 non
935 2211 1041 2289 potest
1070 2207 1171 2272 bonus
1203 2207 1264 2271 dici
1300 2207 1356 2290 qui
1384 2207 1516 2290 diripuit

209 2307 363 2486 ahenideq.
390 2403 491 2488 (Mon.)
518 2409 556 2470 d:
590 2403 666 2469 Non
691 2405 807 2488 rapuit,
836 2409 891 2469 sed
920 2407 1085 2471 miseratus
1116 2405 1203 2470 misit
1232 2405 1332 2470 filium
1363 2409 1514 2490 tanquam

207 2508 325 2571 bonum
348 2505 496 2589 (bonus*)
519 2509 550 2570 et
570 2504 718 2570 liberauit
738 2527 804 2570 nos.

157 2627 190 2681 20
291 2629 346 2688 Ad.
367 2627 406 2687 d:
435 2621 580 2686 Misereri
606 2622 742 2705 ediquem
767 2622 829 2686 hoc
852 2625 911 2700 est,
932 2621 1148 2686 misericordia
1170 2641 1244 2706 erge
1265 2622 1427 2706 proprium
1448 2643 1514 2686 mo·

207 2723 274 2790 ueri
296 2721 452 2788 affectum
493 2721 580 2806 Ergo
607 2721 806 2786 miseratione
835 2725 943 2786 motus
972 2725 1020 2786 est
1040 2723 1142 2786 bonus
1168 2725 1245 2786 deus
1266 2741 1341 2806 erge
1361 2722 1514 2805 propriae,

208 2847 248 2888 en
270 2842 343 2906 erge
364 2822 503 2887 alienos?

290 2929 362 3003 nep.
384 2925 424 2987 d:
453 2921 540 3006 Erga
562 2921 688 2986 alienos.

291 3027 346 3087 Ad.
367 3028 407 3088 d:
436 3020 601 3105 Tanquam
622 3021 722 3086 bonos
744 3020 909 3086 miseratus
932 3025 987 3100 est,
1009 3043 1049 3085 an
1070 3025 1221 3104 tanquam
1241 3020 1363 3086 malos?

158 3131 190 3186 25
292 3127 367 3204 Mep.
388 3128 428 3186 d:
457 3119 623 3205 Tanquam
644 3125 834 3204 peccatores.

293 3243 348 3304 Ad.
368 3245 407 3303 d:
437 3237 626 3321 Priusquam
647 3241 814 3321 peccarent
835 3237 990 3312 homines,
1017 3235 1093 3300 boni
1119 3258 1138 3299 a
1160 3240 1298 3300 creatore
1321 3238 1417 3302 creati
1438 3242 1519 3315 sunt,

211 3362 251 3404 an
272 3339 368 3404 maii?
403 3336 446 3402 Et
467 3340 569 3402 bonus
584 3340 661 3402 deus
675 3341 827 3420 tanquam
841 3338 942 3402 bonos
958 3336 1155 3413 desiderauit
1178 3359 1218 3400 an
1235 3341 1386 3419 tanquam
1400 3337 1520 3403 malos?

212 3439 255 3504 Et
286 3440 441 3523 siquidem
472 3441 624 3520 tanquam
653 3436 754 3502 malm
781 3437 984 3515 desiderauit,
1007 3436 1066 3502 erit
1086 3437 1243 3502 melorum
1265 3436 1397 3520 cupidus
1418 3437 1521 3501 bonus

213 3543 299 3605 deus.
335 3538 378 3603 Et
400 3539 559 3621 quomodo
581 3537 641 3602 erit
661 3538 762 3601 bonus
785 3537 841 3620 qui
861 3536 1019 3603 desiderat
1038 3535 1178 3601 melum?
1201 3533 1250 3608 ,si
1270 3556 1346 3600 uero
1370 3540 1521 3620 tanquam

163 3646 196 3701 30
211 3641 313 3707 bonos
336 3636 533 3712 desiderauit,
556 3637 615 3702 erit
633 3641 756 3702 creator
777 3639 853 3701 deus
872 3637 1028 3701 bonorum
1050 3634 1202 3700 conditor.

295 3760 369 3835 Moy.
390 3759 430 3817 d:
459 3750 573 3836 Neque
603 3759 639 3818 ut
668 3753 782 3832 bonos,
810 3774 913 3837 neque
939 3756 975 3816 ut
1000 3752 1100 3816 malos
1123 3751 1324 3831 desiderauit,
1349 3754 1404 3816 sed
1425 3752 1522 3817 solius

213 3853 447 3921 misericordiae
470 3874 564 3916 cause
587 3857 762 3918 commotus
785 3855 840 3917 est

300 3977 382 4039 1111111.
405 3968 510 4057 (iudex)
533 3977 572 4036 d.:
600 3969 672 4035 Hoc
698 3974 745 4034 est
772 3971 856 4052 quod
881 3967 952 4032 uult
978 3967 1081 4031 dicere
1102 3967 1293 4051 Megethius,
1320 3969 1395 4051 quie
1421 3987 1524 4050 neque

216 4072 282 4136 dies
305 4076 353 4137 est
374 4094 476 4156 neque
498 4093 567 4148 nox,
592 4072 647 4136 sed
669 4069 789 4154 aliquid
810 4069 923 4133 horum
943 4067 1091 4131 medium
1119 4065 1267 4132 Lucidius
1287 4066 1420 4150 explana
1439 4065 1525 4150 quod

166 4179 199 4234 35
217 4172 303 4236 dicis.
349 4171 382 4236 Si
408 4193 511 4255 neque
537 4172 638 4235 bonos
665 4170 743 4234 dicis
765 4173 887 4235 creatos
913 4188 980 4232 esse
1007 4165 1148 4231 homines
1177 4188 1279 4249 neque
1305 4166 1417 4238 melos,
1448 4168 1526 4250 quid

218 4272 305 4336 aliud
324 4272 463 4336 medium
485 4277 532 4336 est
552 4271 635 4334 inter
657 4269 776 4334 malum
798 4270 987 4333 othonum?

306 4490 322 4545 1
346 4488 491 4561 pertineat]
519 4487 553 4544 So
571 4487 696 4542 derccd.
731 4485 798 4540 Men
816 4487 946 4541 erwartet
959 4482 1137 4555 ›pertineret‹
1157 4482 1223 4552 (ng.
1235 4481 1302 4536 aber
1319 4477 1408 4555 ἄρχει.
1427 4483 1526 4550 -Β)Ι

223 4576 238 4631 ’1
258 4573 287 4627 in
305 4572 471 4642 hominibus]
490 4575 523 4626 st.
536 4572 581 4626 »in
598 4570 742 4627 homines«.
776 4570 811 4625 So
830 4571 901 4624 auch
917 4569 1039 4624 nachher
1058 4569 1101 4622 »in
1116 4568 1175 4623 his‹
1195 4570 1227 4623 st.
1246 4568 1290 4622 »in
1306 4567 1370 4622 hoe·
1387 4568 1392 4635 Ι
1408 4566 1448 4621 110
1466 4566 1526 4636 erit]

222 4657 287 4712 (lod
306 4659 373 4712 erat.
403 4657 444 4710 Im
463 4674 501 4726 gr·
521 4650 608 4711 ἔσται.
626 4683 659 4694 -
672 4655 704 4711 Β.
