3708 5528
187 495 299 569 Caspai-i
315 497 329 552 I
346 499 457 553 c.1—3.
774 502 884 575 Dialog.
1478 516 1497 578 5

269 670 342 746 Meo.
365 670 404 730 ιιε
434 665 574 734 Seruabo
596 675 628 734 et
649 673 820 753 amplectar
840 677 1009 740 sententias
1032 680 1111 742 tuas.

270 770 325 830 Αιι
347 769 389 830 ιιι
417 763 552 832 Nobiles
574 774 605 834 et
627 771 742 836 eruditi
766 773 828 839 uiri
850 779 924 839 sunt
950 797 1058 841 omnes
1079 775 1134 841 isti
1160 798 1239 860 quos
1262 781 1370 844 adesse
1398 779 1498 844 cerni-

186 888 257 932 mus
279 865 447 932 auditores.
487 865 522 932 Si
544 889 618 954 ergo
641 870 736 936 etiam
757 873 826 938 istis
848 879 969 940 rectum
989 875 1094 940 uisum
1115 876 1211 940 fuerit
1232 876 1383 944 iudicium
1405 884 1497 944 tuum

188 972 219 1034 et
248 967 333 1030 iusta
361 965 529 1046 sententie,
559 970 734 1036 obseruabo
768 973 862 1038 etiam
893 993 952 1058 ego
980 997 1016 1039 ea
1047 996 1126 1059 quae
1153 979 1326 1041 secundum
1356 977 1498 1043 ueritatis

153 1068 285 1134 olinccs
306 1064 534 1133 terminaueris.

271 1221 296 1264 c.
317 1201 370 1268 11.
407 1205 483 1278 Meo.
504 1204 544 1266 d:
573 1201 633 1268 Uis
653 1207 741 1288 prius
762 1207 840 1271 mihi
862 1229 1038 1290 proponere
1061 1211 1099 1272 de
1121 1209 1219 1292 script
1260 1209 1306 1274 'l

272 1321 326 1382 Ad.
353 1315 526 1400 (musica)
553 1323 593 1385 ct:
627 1321 765 1387 Definiat
790 1324 878 1407 prior
903 1323 1083 1408 Megethius
1110 1323 1311 1408 (Manichaeus)
1338 1331 1498 1410 quomodo

188 1419 299 1497 credit,
325 1421 362 1482 ut
386 1417 431 1482 ita
458 1420 584 1484 demum
606 1419 658 1485 uel
679 1423 924 1505 propositiones,
951 1423 1003 1490 uel
1028 1424 1242 1491 absolutiones
1264 1429 1303 1490 de
1325 1425 1499 1509 scripturae

188 1521 313 1584 sanctae
334 1516 549 1582 uoluminibus
571 1520 780 1602 proferantur.

138 1644 171 1698 10
270 1633 638 1718 l1c9.(Mcnictaeoc)d.:
671 1638 811 1704 Definiat
840 1640 928 1724 prior
956 1642 1164 1707 Adamantius
1199 1641 1384 1726 (catholicus).
1427 1641 1500 1726 lpse
1592 1619 1599 1644 .

97 1741 101 1750 '
190 1735 305 1800 etenim
326 1735 414 1819 prius
436 1737 523 1801 dedit
543 1737 696 1804 sermonis
719 1739 888 1805 exordium.

273 1841 359 1900 Eatr.
382 1833 488 1920 (iudea)
510 1840 549 1902 ιιι
580 1837 782 1921 Consequens
809 1843 857 1905 est
877 1839 969 1905 illum
994 1841 1097 1924 primo
1123 1841 1218 1906 fidem
1246 1865 1335 1908 suam
1360 1866 1499 1926 pronun-

188 1938 275 2013 tiare,
298 1935 354 2020 qui
376 1941 408 2001 et
430 1937 652 2020 disputationis
674 1937 800 2003 initium
821 1940 916 2004 dedit

272 2058 327 2117 Ad.
349 2051 443 2134 (cath.)
466 2059 505 2120 d:
534 2053 643 2120 Unum
664 2057 771 2133 deum,
793 2059 967 2122 creatorem
990 2059 1021 2120 et
1042 2056 1236 2123 conditorem
1260 2060 1409 2137 omnium,
1432 2081 1498 2124 esse

138 2161 171 2212 15
190 2158 291 2231 credo,
314 2158 345 2219 et
365 2156 498 2219 uerbum
521 2153 588 2218 eius
610 2154 904 2220 consubstantiuum
926 2156 955 2220 ei
977 2160 1009 2221 et
1024 2161 1231 2222 coaeternum.
1260 2156 1351 2234 Quod
1366 2161 1498 2224 uerbum

188 2257 221 2320 in
252 2254 430 2320 novissimis
461 2254 668 2337 temporibus,
702 2256 839 2319 humana
869 2260 980 2320 natura
1010 2278 1048 2320 ex
1075 2256 1175 2320 Maria
1200 2257 1323 2342 virgine
1353 2263 1499 2339 assumta,

189 2357 285 2420 homo
306 2358 399 2419 natus
421 2357 476 2433 est,
499 2353 666 2419 crucifixus
689 2358 736 2418 est
758 2357 789 2418 ct
809 2357 979 2420 resurrexit
1000 2379 1018 2419 a
1040 2357 1181 2422 mortuis.
1220 2354 1373 2422 Similiter
1393 2362 1499 2422 autam

189 2459 220 2520 et
246 2454 392 2538 spiritum
418 2455 511 2518 credo
538 2457 693 2532 sanctum,
716 2454 771 2538 qui
794 2458 841 2518 est
862 2457 1130 2539 consempiternus
1152 2458 1234 2540 petri
1256 2462 1288 2522 et
1308 2457 1383 2524 filio.
1427 2457 1500 2523 Mea

189 2557 267 2620 haec
289 2558 336 2619 est
357 2553 444 2617 fides.
486 2549 583 2617 Nunc
604 2552 723 2636 etipse
745 2553 881 2619 definiat.

138 2674 172 2728 20
273 2677 346 2752 May.
373 2667 474 2752 (Mac.)
500 2671 540 2734 ιιι
568 2667 639 2752 Ego
671 2669 741 2735 dico
777 2693 844 2736 esse
874 2672 935 2736 tria
965 2672 1119 2756 principia
1146 2677 1177 2737 et
1202 2676 1266 2738 tres
1292 2673 1499 2756 principatus:

189 2796 292 2856 unum
315 2775 423 2850 deum,
451 2774 574 2854 patrem
596 2767 726 2848 Christi,
757 2769 888 2850 honum,
920 2777 952 2836 et
977 2771 1075 2836 alium
1102 2775 1288 2852 creatorem,
1319 2777 1351 2837 et
1369 2773 1498 2838 tertium

189 2871 317 2939 malum.
356 2871 484 2937 Etenim
505 2869 608 2934 bonus
630 2871 706 2933 deus
728 2891 829 2954 neque
851 2875 972 2936 creator
994 2876 1041 2936 est
1062 2873 1231 2954 malorum,
1250 2895 1353 2957 neque
1375 2872 1499 2956 dispen-

189 2977 282 3046 sator,
305 2994 408 3057 neque
429 2971 481 3036 hie
501 2972 637 3034 mundus
663 2969 794 3054 abipso
816 2971 961 3036 conditus
986 2976 1040 3038 est
1075 2971 1208 3037 Alienus
1233 2995 1370 3058 namque
1391 2977 1439 3037 cst
1459 2974 1499 3038 ab

189 3072 276 3138 omni
301 3071 423 3137 malitia
450 3076 480 3135 et
505 3069 544 3134 ab
567 3069 653 3134 omni
675 3075 825 3135 creatura.
866 3071 909 3135 Et
931 3075 1095 3137 ostendam
1116 3071 1161 3136 ita
1182 3093 1215 3136 se
1236 3071 1359 3138 hahere.

138 3207 171 3263 25
272 3228 297 3270 c.
312 3207 387 3275 111.
424 3211 479 3272 Ad.
494 3203 588 3286 (cath.)
603 3209 642 3269 ιιι
663 3203 863 3288 Prinoipatus
884 3203 929 3270 ais
945 3225 1012 3270 esse
1026 3207 1097 3285 tres,
1117 3208 1149 3269 et
1163 3225 1290 3270 necesse
1306 3209 1353 3270 est
1368 3225 1443 3289 ergo
1458 3209 1499 3284 tc,

189 3309 274 3390 quod
299 3305 461 3389 pollicitus
488 3329 533 3383 es,
559 3303 699 3389 implere.
740 3303 940 3387 Prinoipatus
966 3324 1103 3387 namque
1128 3303 1207 3368 mihi
1229 3303 1354 3370 uidetur
1375 3305 1438 3371 dici
1460 3327 1498 3370 ex

189 3428 225 3471 eo
248 3408 335 3490 quod
354 3408 389 3471 in
411 3405 549 3490 aliquem
570 3405 746 3472 subiectum
768 3403 979 3487 principatum
1002 3404 1069 3488 agit
1090 3408 1122 3468 et
1142 3408 1341 3487 potestatem,
1366 3405 1449 3470 sicut
1468 3409 1499 3470 et

188 3506 334 3570 dominus
365 3507 436 3590 quis
468 3505 583 3570 dicitur
612 3527 670 3588 pro
701 3526 738 3569 eo
773 3507 860 3587 quod
891 3503 1071 3568 dominatur
1097 3504 1200 3569 alicui.
1242 3503 1279 3570 ln
1311 3526 1391 3588 quos
1423 3522 1500 3590 ergo

189 3609 335 3670 exercent
355 3605 568 3689 principatum
588 3609 653 3670 tres
675 3603 729 3668 isti
749 3603 908 3687 principes
931 3625 1011 3687 quos
1033 3604 1099 3668 ais?
1134 3602 1311 3686 Responde.

139 3705 172 3758 30
272 3711 345 3785 Mcq.
366 3709 406 3770 d:
435 3703 545 3770 Bonus
571 3705 625 3769 ille
651 3706 728 3768 deus
750 3702 944 3768 Christianos
965 3702 1059 3787 regit,
1086 3706 1241 3768 secundus
1262 3703 1329 3783 ille,
1356 3726 1450 3788 quem
1470 3710 1501 3770 et

189 3807 362 3869 creatorem
385 3803 529 3881 diximus,
550 3802 692 3882 Iudaeos,
714 3802 826 3868 tertius
847 3808 962 3882 autem,
983 3803 1038 3867 ille
1051 3802 1154 3868 malus
1170 3807 1201 3867 et
1214 3825 1360 3886 nequam,
1382 3809 1500 3888 gentes,

272 3909 327 3968 Ad.
348 3908 387 3970 ιιι
417 3903 495 3969 Tres
525 3903 580 3970 isti
611 3924 690 3987 quos
722 3902 767 3968 eis
802 3901 959 3986 principes
991 3904 1162 3968 concordes
1191 3902 1274 3968 inter
1304 3925 1337 3968 se
1366 3909 1440 3970 sunt
1470 3909 1503 3970 et

188 4003 361 4083 unanimes,
383 4009 438 4068 aut
459 4003 540 4069 nihil
562 4025 728 4070 commune
750 4006 790 4068 ed
811 4023 844 4068 se
865 4001 1003 4068 inuicem
1026 4001 1161 4068 hahent?

177 4117 184 4130 “
272 4109 346 4184 Moy.
367 4107 405 4168 d:
435 4102 526 4170 Nihil
547 4104 612 4170 illis
633 4103 716 4168 inter
737 4125 770 4168 se
793 4123 959 4166 commune
982 4106 1036 4166 est.

138 4199 171 4252 35
274 4207 330 4269 Ad.
350 4206 390 4269 ιιι
419 4202 494 4269 Toti
514 4208 586 4277 tres,
607 4203 642 4268 in
663 4225 761 4266 unum
783 4200 1015 4280 conuenientes,
1036 4201 1196 4266 finxerunt
1216 4201 1376 4267 hominem
1391 4202 1441 4268 vel
1455 4202 1500 4266 fe·

277 4419 334 4477 tn.
351 4419 403 4474 Die
424 4419 555 4491 Epitheta
574 4418 760 4484 »Catholicus,
781 4417 970 4482 Manichacus,
992 4418 1090 4473 index«
1110 4415 1172 4472 siud
1194 4416 1246 4473 wie
1269 4417 1317 4471 der
1333 4417 1407 4472 Titel
1425 4417 1501 4472 »Dis-

189 4503 525 4574 putatio—Manichaeo«
549 4523 603 4560 von
626 4505 708 4559 Rufiu
731 4503 806 4572 (oder
828 4501 918 4558 ciuem
944 4503 1135 4572 Abschreiber)
1157 4502 1345 4574 hinaugcfflgt.
1380 4501 1406 4558 S.
1428 4501 1500 4556 Einl.

190 4591 271 4657 §tu
285 4589 300 4657 ἕ
313 4591 344 4644 11
360 4589 392 4642 A.
410 4589 552 4657 -13181
572 4589 700 4658 diximus]
720 4589 755 4644 So
772 4588 821 4644 der
837 4588 902 4644 cod.
922 4587 1044 4659 (Caspari
1062 4587 1148 4658 fregi:
1167 4585 1309 4642 Dicimus?
1340 4585 1499 4640 »Diximus«

190 4674 226 4728 ist
244 4673 310 4728 aber
327 4671 429 4743 richtig
445 4673 501 4743 vgl.
520 4673 545 4726 Z.
564 4673 605 4726 21.
624 4703 657 4712 -
674 4673 716 4741 B).
