3744 5528
348 443 407 508 184
901 438 1091 494 Adamantius.
1231 440 1271 496 De
1288 440 1317 496 la
1335 440 1392 496 Rue
1408 441 1447 495 IV
1464 441 1659 498 8530-8542

311 597 462 672 ἐείκόνα
488 608 543 672 καί
547 608 676 724 σχήμα
702 607 764 691 τῆς
786 597 959 732 ἀληθείας
968 610 1169 694 προφέρων,
1197 598 1326 695 ἀνάγκη
1348 603 1457 677 ἀλλον
1479 613 1660 693 ζητεῖσθαι

349 699 499 788 Χριστὸν
521 693 561 773 05
584 701 646 784 τὰς
668 700 801 785 εἰκόνας
822 710 878 773 καὶ
899 700 1051 793 σχήματα
1073 705 1105 775 οί
1126 701 1263 793 ἄγγελοι
1283 711 1339 775 καὶ
1361 700 1546 828 δΧριστὸς
1566 733 1659 791 προ-

348 806 497 891 φέρουσι,
519 806 575 872 καί
596 801 758 890 περισσὸν
780 830 821 872 το
808 799 998 890 λέγειν
962 831 1026 875 τον
1041 801 1204 892 Χριστόν·
1227 804 1303 892 ἐγώ
1327 801 1447 893 είμι
1426 833 1447 893 η
1470 799 1661 894 ἀλήθεια.

220 1290 225 1299 ἱ
432 1207 498 1270 ΑΔ.
541 1206 763 1290 Σαφέστερον
789 1207 966 1292 ἐπιστήσαι
992 1200 1156 1292 βούλομαι
1182 1209 1261 1288 περί
1287 1229 1324 1274 τε
1351 1208 1412 1292 τής
1439 1198 1570 1286 εἰκόνος
1599 1209 1661 1274 καὶ

315 1306 413 1372 5τοῦ
439 1299 608 1390 σχήματος
634 1309 690 1372 καί
717 1309 778 1392 τῆς
804 1298 979 1391 ἀληθείας·
1011 1301 1051 1372 τό
1082 1309 1144 1391 μὲν
1173 1301 1236 1390 γὰρ
1263 1305 1370 1390 σχῆμα
1396 1309 1471 1372 των
1498 1299 1662 1393 ἀγγέλων

349 1393 546 1488 ἀκράτητον
567 1408 622 1471 καὶ
643 1398 873 1492 ἀψηλάφητον
895 1393 947 1490 ήν,
971 1397 991 1490 5
1013 1405 1049 1472 δὲ
1070 1397 1223 1490 ἀλήθεια,
1251 1407 1431 1472 τουτέστιν
1452 1397 1472 1472 5
1494 1399 1660 1491 Χριστός,

349 1495 556 1590 κεκράτηται
583 1507 637 1570 καί
663 1506 819 1573 πέπονθε
845 1510 901 1572 καί
927 1498 1034 1590 σάρκα
1060 1508 1115 1571 καί
1141 1500 1220 1590 αίμα
1248 1507 1304 1572 καί
1331 1496 1433 1590 όστέα
1460 1504 1576 1592 ἔσχηκε
1598 1509 1662 1572 καὶ

349 1595 525 1688 ἐγήγερται
551 1603 588 1670 ἐκ
616 1608 761 1690 νεκρῶν,
792 1607 848 1670 καί
875 1604 907 1671 οί
933 1609 993 1689 μὲν
1021 1599 1154 1690 ἄγγελοι
1183 1597 1395 1690 ἀνθρώπους
1424 1601 1565 1684 ἑαυτούς
1593 1597 1661 1690 ούγ

350 1695 590 1788 οόμολόγησαν,
619 1697 733 1790 ὥσπερ
760 1695 780 1772 5
803 1697 951 1790 Χριστός
978 1724 1072 1788 φησι·
1103 1705 1164 1782 τίς
1189 1728 1264 1789 μου
1285 1695 1435 1790 ήιρατο;
1464 1697 1662 1791 ήσθήθην

299 1813 332 1867 10
350 1797 421 1887 γὰρ
442 1797 609 1888 δύναμιν
631 1803 876 1885 ἐξελθοῦσαν
897 1803 938 1886 ἐξ
958 1802 1065 1889 ἐμοῦ·
1087 1803 1222 1889 ἐδείχθη
1244 1799 1307 1889 γάρ
1327 1808 1385 1870 καί
1404 1806 1529 1889 Θωμᾶς
1547 1809 1661 1890 ψηλα-

316 1901 430 1982 σφῶν
457 1897 519 1980 τὰς
545 1895 648 1982 ούλάς
674 1905 748 1970 τῶν
776 1895 992 1989 τραυμάτων.
1034 1895 1186 1988 πότερον
1212 1891 1274 1970 ούν
1299 1903 1474 1990 ἐξαπατᾶν
1495 1898 1661 1984 ἐβούλετο

350 1996 431 2080 τούς
452 1994 642 2081 ἀκούοντας
663 2005 719 2069 καὶ
740 1995 885 2086 μάλιστα
907 1998 988 2081 τούς
1010 2006 1167 2088 γνησίους
1186 1995 1293 2071 αύτοῦ
1313 1999 1470 2120 μαθητάς
1493 1991 1614 2084 όντας;
1638 1993 1662 2087 5

350 2094 393 2167 τὰ
416 2093 528 2186 ἀληθῆ
552 2093 676 2192 αύτούς
698 2095 879 2184 διδάσκων,
910 2099 1069 2182 ἐβούλετο
1096 2095 1221 2182 αύτούς
1244 2092 1413 2172 είδέναι“
1393 2127 1449 2171 οτι
1469 2106 1526 2170 καί
1548 2107 1661 2189 ψηλα-

350 2193 460 2319 φητός
486 2188 529 2286 ήν
549 2183 604 2267 καὶ
633 2193 726 2268 ούτω
748 2195 855 2286 σάρκα
874 2204 931 2270 καὶ
952 2199 1032 2286 αίμα
1058 2207 1114 2271 καὶ
1140 2194 1242 2271 όστέα
1269 2193 1446 2284 ἀνέλαβεν,
1477 2203 1505 2269 εἰ
1526 2203 1575 2283 δέ,
1608 2193 1661 2280 οός

299 2312 332 2365 15
350 2288 448 2367 οὗτοί
470 2319 583 2383 φασιν,
606 2297 752 2388 ἄσαρκος
767 2297 859 2369 καὶ
838 2327 979 2389 αναιμος
994 2291 1045 2388 ήν,
1067 2306 1169 2382 ποίας
1183 2297 1307 2387 σαρκός
1321 2295 1355 2387 Ιή
1376 2307 1471 2382 τίνος
1486 2298 1660 2388 σώματος)

350 2423 370 2484 η
393 2402 497 2468 ποίου
523 2400 663 2485 αίματος
689 2396 821 2481 εἰκόνας
845 2397 1002 2482 διδοῦς’
982 2427 1090 2488 αρτον
1111 2427 1149 2470 τε
1170 2406 1226 2469 καί
1246 2394 1430 2488 ποτήριον,
1457 2403 1659 2469 ἐνετέλλετο

351 2514 425 2578 τοῖς
446 2507 616 2584 μαθηταῖς
643 2497 697 2568 διὰ
721 2497 858 2570 τούτων
884 2499 948 2588 τήν
969 2495 1156 2589 ἀνάμνησιν
1177 2495 1283 2569 αύτοῦ
1304 2509 1491 2582 ποιεῖσθαι;
1522 2488 1573 2568 τόν
1595 2503 1653 2568 καί

351 2590 370 2666 5
392 2590 585 2677 ἀπόστολός
604 2601 689 2667 ἐστι·
710 2603 894 2689 μαρτυρῶν
918 2596 980 2688 γάρ
1003 2594 1141 2680 τούτοις
1155 2603 1236 2686 φησὶ
1258 2595 1322 2670 τόν
1343 2626 1381 2669 τε
1403 2596 1512 2688 ἄρτον
1532 2601 1589 2668 καὶ
1612 2593 1657 2666 τὸ

321 2691 519 2784 ίποτήριον
540 2701 601 2785 τής
623 2691 777 2786 εύλογίας
798 2705 983 2770 κοινωνίαν
1005 2695 1145 2786 αἵματός
1161 2724 1198 2767 τε
1219 2698 1304 2768 εἶναι
1319 2704 1375 2768 καί
1390 2693 1520 2780 σαρκός.
1557 2701 1586 2767 εί
1608 2701 1656 2780 δέ,

278 2812 332 2868 854
351 2825 400 2914 ρης
422 2792 560 2879 τούτοις
579 2800 680 2880 δοκεῖ,
703 2793 837 2887 δοκήσει
857 2803 914 2868 καὶ
929 2793 991 2867 ούκ
1006 2792 1151 2887 ἀληθείᾳ
1165 2803 1242 2884 περὶ
1262 2793 1326 2868 τόν
1345 2807 1349 2881 Ι
1368 2793 1485 2884 κύριον
1507 2791 1658 2886 ύπήρξεν

354 2887 417 2964 όσα
438 2893 627 2982 ἄνθρωπος
649 2900 815 2978 τέλειος”
799 2925 888 2986 εχων
909 2895 1020 2985 ψυχήν
1042 2896 1166 3018 νοερὰν
1186 2904 1242 2967 καί
1265 2896 1344 2985 αίμα
1364 2901 1420 2967 καί
1436 2892 1551 2985 σάρκα,
1574 2887 1658 2968 ούτε

351 2991 406 3064 διὰ
421 2991 603 3065 Παύλου’
573 3023 593 3063 τ
619 2990 769 3085 ἀληθῆἐ
770 2994 969 3121 κηρύττετο,
990 3004 1047 3066 καὶ
1067 2993 1180 3118 μάτην
1197 2995 1285 3067 κατά
1309 2995 1455 3080 τούτους
1469 2991 1659 3084 σπεύδομεν

351 3100 481 3181 γνῶναι
507 3093 572 3183 τήν
598 3090 777 3184 ἀλήθειαν,
805 3095 847 3186 ἣν
867 3093 951 3186 μήτε
973 3091 1017 3166 δι’
1038 3091 1157 3181 αὐτοῦ,
1187 3092 1272 3217 μήτε
1299 3094 1353 3168 διὰ
1375 3101 1438 3168 τοῦ
1459 3090 1659 3168 ἀποστόλου

352 3199 471 3279 σαφῶς
500 3191 669 3284 ἐβουλήθη
700 3204 912 3317 φανερῶσαι.
925 3191 944 3266 5
974 3193 1101 3282 κύριος·
1131 3194 1220 3286 πρὸς
1249 3203 1299 3286 τῷ
1330 3203 1387 3267 καὶ
1414 3191 1658 3319 ἀντιπράσσειν

299 3308 333 3364 25
353 3321 373 3358 τ
395 3321 415 3358 τ
436 3322 456 3359 κ
478 3321 498 3358 τ
521 3291 970 3385 τοῦτοβουλόμεθαγνοῦναι
983 3288 1066 3383 ὅπερ
1080 3300 1207 3378 ἐκεῖνος
1222 3302 1419 3386 γνωσθῆναι
1434 3323 1475 3366 ου
1466 3290 1657 3381 ’βούλεται

351 3400 379 3465 εί
401 3399 437 3466 δὲ
452 3391 584 3486 ἀληθής
601 3398 703 3478 ἐστιν,
727 3390 957 3516 αύτοαλήθεια
972 3391 1031 3479 ὢν,
1055 3390 1287 3479 όπεπονθως,
1310 3389 1502 3486 ύΧριστός,
1526 3391 1658 3484 ἀληθής

354 3498 447 3567 ἔσται
474 3488 580 3566 καὶε
561 3522 579 3563 ο
610 3489 678 3565 ύπύ
710 3492 838 3566 τούτου
868 3489 1070 3579 ἀποσταλεὶς
1101 3501 1250 3578 Παῦλος,
1282 3500 1406 3583 λέγων·
1435 3489 1457 3583 5
1489 3493 1658 3584 δοκιμήν

353 3605 510 3684 ζητεῖτε
540 3598 614 3663 τοῦ
644 3598 685 3664 ἐν
715 3598 801 3683 ἐμοὶ
832 3599 1058 3679 λαλοῦντος
1090 3599 1282 3683 Χριστοῦ·
1311 3602 1368 3666 καί
1397 3601 1577 3667 πείθεσθαι
1608 3601 1660 3666 δεῖ

438 3730 466 3801 ε]
485 3731 547 3786 τοι.
559 3733 604 3786 14:
618 3731 641 3786 6.
660 3761 693 3770 -
711 3730 790 3802 ομο]
808 3732 854 3789 οι.
866 3732 894 3788 οι
907 3735 949 3789 ιο.
967 3763 1001 3773 -
1019 3732 1119 3803 αντε]
1138 3731 1323 3790 2001.13=3.

439 3850 458 3905 8
475 3847 526 3904 τὸν
543 3847 677 3922 Χριστὸν]
696 3849 746 3906 τὸν
764 3849 863 3925 κύριον
876 3852 900 3908 G
915 3852 920 3920 Ι
936 3853 974 3909 12
994 3848 1092 3922 αὐτοῦ]
1110 3846 1199 3907 αὑτοῦ
1216 3850 1242 3905 (1.
1254 3851 1326 3906 Hss.
1342 3851 1489 3920 ausgen.B
1504 3852 1509 3920 Ι
1526 3851 1561 3908 15
1579 3845 1656 3907 ἀναί-

351 3952 444 4004 ματος
461 3931 544 3989 mlv
562 3933 600 4002 (in
618 3953 673 4005 mg.
691 3929 824 4005 ἄναιμος)
840 3938 868 3992 Η
890 3937 895 4005 Ι
918 3935 954 3990 Es
972 3936 1048 3991 kann
1068 3937 1113 3991 die
1130 3937 1217 4006 Frage
1238 3935 1309 4000 sein,
1333 3936 1369 3991 ob
1390 3933 1408 4004 5
1429 3936 1506 4002 τίνος
1524 3932 1659 4005 σώματος

353 4020 418 4074 οείιέ
434 4017 481 4073 sei.
516 4017 554 4072 Εε
571 4017 642 4074 fehlt
658 4019 704 4075 bei
721 4020 791 4088 Rufi,
813 4022 890 4087 τίνος
912 4015 1033 4089 αίματος
1050 4019 1068 4090 ἢ
1085 4022 1162 4086 τίνος
1180 4017 1314 4089 σώματος
1330 4019 1356 4074 Η
1379 4022 1384 4089 Ι
1409 4021 1447 4076 21
1467 4013 1540 4090 ἔχων
1559 4017 1658 4086 GDEF,

352 4098 420 4175 ἔχον
438 4103 464 4157 δ.
478 4104 536 4158 iibr.
566 4103 621 4159 Der
632 4104 695 4160 Satz
713 4104 750 4160 ist
766 4105 844 4161 nieht
861 4105 1009 4162 vouendet.
1039 4103 1150 4159 Sohrieb
1163 4105 1211 4160 der
1223 4103 1296 4159 verf.
1310 4098 1364 4160 ὅσα
1382 4099 1409 4161 5.
1422 4123 1445 4160 τ.
1459 4099 1524 4176 ἔχει,
1543 4098 1637 4176 ἔχωνθ
1653 4105 1657 4172 Ι

354 4188 456 4260 ψυχήν]
479 4185 570 4261 ἀρχὴν
586 4189 660 4244 AFH
677 4189 734 4245 Pio.
758 4193 761 4258 Ι
786 4190 945 4247 vielleioht:
965 4185 1030 4248 οῦτε
1048 4184 1082 4246 δι’
1100 4187 1187 4245 αὐτοῦ
1205 4183 1270 4245 οὔτε
1287 4192 1310 4244 δ.
1328 4189 1363 4244 Π.
1383 4191 1388 4258 Ι
1408 4189 1448 4246 2⁸
1469 4182 1503 4244 δι’
1522 4186 1611 4246 αὐτοῦ
1632 4189 1658 4243 d.

354 4273 425 4328 HSS.
446 4293 472 4328 u.
491 4275 593 4344 Ausgg.
617 4276 622 4343 Ι
645 4273 735 4342 24Ι25
755 4275 828 4350 πρὸς
850 4284 889 4351 τῷ
911 4279 960 4333 καί
977 4273 1088 4348 ἀντιπρ.
1104 4270 1162 4332 κτέ.
1179 4273 1216 4329 ist
1232 4273 1464 4330 unversfflndlich.
1499 4274 1591 4330 Wenn
1608 4274 1659 4330 wir

354 4359 404 4413 das
426 4359 487 4414 Lat„
509 4359 557 4413 δοε
579 4360 641 4414 Rus.
662 4360 902 4428 fflckflbersetzem
924 4361 1089 4418 bekommen
1111 4361 1162 4416 wir
1183 4362 1266 4417 σίνος
1288 4357 1361 4433 πρὸς
1381 4357 1492 4425 τούτοις
1513 4362 1562 4416 καί
1584 4357 1658 4416 ἀντι·

353 4441 492 4516 πράσσειν
509 4450 549 4517 τῷ
567 4447 627 4518 θεῷ
645 4440 845 4516 εὑρισκόμεθα,
864 4445 891 4503 εί
906 4453 991 4502 τοῦτο
1009 4450 1035 4519 β.
1047 4439 1103 4502 κτέ.
1132 4446 1200 4501 Man
1216 4444 1321 4499 konnte
1337 4442 1460 4499 mehrere
1478 4443 1656 4515 Oonjeo’curen

356 4528 516 4596 verauehen,
540 4549 562 4582 z.
580 4529 610 4584 Β.
634 4547 680 4600 πρ.
703 4529 816 4597 τούτοις
836 4533 885 4587 καί
907 4528 1145 4604 ἀντιπράσσοντες
1167 4527 1242 4602 αὐτῷ
1266 4526 1294 4585 εί
1313 4533 1399 4584 τοῦτο
1422 4524 1478 4585 aaz.
1508 4529 1576 4584 θῦνε
1593 4531 1660 4586 aber

352 4613 403 4668 der
420 4612 493 4668 Verf.
512 4614 626 4682 εολπίεο,
645 4620 754 4670 muman
770 4614 878 4670 beesere
889 4615 973 4672 codd.
992 4633 1043 4671 uns
1061 4615 1157 4671 lehron
1171 4615 1176 4684 Ι
1191 4615 1229 4670 27
1249 4611 1275 4684 ΙΙΙ
1295 4611 1322 4670 εί
1337 4613 1393 4669 FH.
