3744 5524
371 484 411 544 u
908 472 1097 526 Amfim.
1278 471 1321 525 De
1336 471 1365 523 h
1382 470 1441 524 Βοε
1460 469 1683 528 1817d-818b.

369 637 489 710 εἰπών’
519 633 653 722 σι’σιίς
672 639 776 725 έγνω
798 635 872 708 τὸν
896 642 1049 722 πατέρα
1075 640 1109 704 εἰ
1128 633 1177 722 μῆ
1200 629 1221 704 ὁ
1244 630 1344 714 υίός.
1375 630 1469 704 οὐδὲ
1494 631 1567 703 τὸν
1593 632 1682 704 υἱόν

370 765 433 820 τις
453 737 642 826 γινώσκει
662 743 696 808 εί
716 736 764 826 μή
786 729 807 806 ὅ
827 733 970 824 πατήρ.

456 843 520 908 ΛΔ.
562 833 659 908 Πάνυ
684 833 883 924 δυσνοήτως
909 840 995 921 φέρη
1021 841 1097 920 περὶ
1124 833 1186 914 τὰς
1212 830 1358 921 γραφάς·
1388 835 1451 902 οίει
1481 830 1544 920 γὰρ
1572 827 1680 916 μόνον

336 931 438 1008 arsat)
466 942 529 1008 τσῦ
553 940 710 1024 σωτῆρος
735 941 894 1023 λελέχθω
924 939 1038 1004 τοῦτο.
1080 932 1182 1002 ἄκουε
1209 928 1343 1003 Ἡσαΐου
1372 937 1548 1018 λέγοντος·
1577 933 1679 1020 ἔγνω

338 1039 463 1120 ἰζίσῆς
483 1035 558 1108 τὸν
577 1032 831 1124 κτησάμενον
843 1040 909 1104 καὶ
924 1026 1109 1119 ὄνοςτῆν
1123 1028 1285 1118 φᾶτνην
1306 1027 1679 1118 τοῦκυρίουαῦτσῦ.

370 1133 518 1226 Ἰσραήλ
547 1141 590 1208 δέ
612 1163 656 1222 με
685 1131 757 1206 οὔτι
783 1138 885 1222 έγνω
906 1139 974 1202 καὶ
999 1127 1019 1202 ὅ
1042 1127 1137 1212 λαός
1163 1159 1206 1217 με
1228 1127 1275 1200 αὖ
1296 1135 1475 1218 συνῆκεν.
1517 1137 1571 1200 καί
1593 1126 1679 1217 Ἰερε-

368 1241 446 1322 μίας
473 1241 559 1324 λίγιι
588 1229 636 1316 ώς
661 1231 767 1306 πάλαι
792 1233 837 1322 μή
867 1239 1067 1321 γνωσθέντα
1091 1226 1211 1301 αι’τὸν·
1241 1236 1329 1316 λέγει
1351 1227 1429 1316 γάρ·
1457 1225 1608 1312 πάντες
1636 1259 1677 1316 με

370 1333 600 1424 γνώσονται
622 1329 701 1422 ιίπζὸ
723 1337 870 1422 μικροῦ
888 1332 964 1413 ἕως
984 1327 1158 1419 μεγάλου
1178 1325 1323 1399 αὐτῶν.

457 1439 558 1504 Μίίίῖ
601 1438 681 1514 Πώς
701 1425 765 1503 οὖν
785 1436 824 1502 ἐν
845 1439 898 1520 τῷ
918 1428 1068 1520 Ἰεζεκιῆλ
1090 1435 1190 1516 λέγει·
1211 1428 1479 1518 ἐπεγνώσθην
1501 1447 1588 1512 τοῖς
1609 1458 1679 1500 πα-

324 1549 354 1602 lo
372 1529 516 1622 τράσιν
536 1527 648 1620 ιίμών
668 1535 710 1602 ἐν
731 1539 782 1619 τῆ
803 1529 945 1620 ἐρήμῳ.

459 1637 522 1702 ΛΔ.
569 1627 638 1702 Ot'm
663 1626 727 1720 ἤδη
756 1629 811 1701 διὰ
834 1631 962 1708 τὸτὸν
982 1626 1131 1718 Ἰεζεκιῆλ
1154 1635 1271 1717 φῆσαι·
1303 1627 1568 1716 ἐπεγνώσθην
1595 1646 1678 1710 τοῖς

371 1727 579 1822 πατράσιν
598 1725 726 1807 αὐτῶν,
747 1737 804 1800 καὶ
826 1727 924 1800 αὐτοὶ
947 1734 1098 1817 ἔγνωσαν
1111 1723 1229 1798 αὐτόν·
1250 1733 1305 1797 καί
1328 1725 1391 1814 γὰρ
1412 1721 1563 1816 ὁκτίρισς
1584 1723 1680 1816 ήμῶν

374 1831 492 1922 Ἰησοῦς
509 1825 664 1916 Χριστός,
686 1827 844 1918 τοσούτῳ
856 1827 971 1918 χρόνῳ
992 1833 1239 1915 συνδιατρίβων
1260 1844 1334 1908 τοῖς
1353 1835 1532 1914 μαθηταῖς,
1556 1829 1679 1916 ἔλεγεν·

372 1928 504 2012 οὐδεὶς
532 1928 723 2018 γινώσκει
750 1927 823 1998 τὸν
844 1928 933 1999 υίὸν
953 1934 986 1998 εί
1009 1926 1058 2016 μή
1084 1921 1104 1996 ὅ
1130 1924 1272 2014 πατήρ·
1302 1932 1415 1996 καίτοι
1440 1923 1508 1996 ὑπὸ
1536 1923 1679 1997 πάντων

302 2043 353 2100 m
372 2029 518 2118 ίωρῖιτσ,
550 2023 624 2100 ἄλλ’
655 2023 718 2098 οὔκ
747 2026 959 2115 ἐγινώσκετο.
1002 2033 1122 2114 λέγων·
1152 2021 1398 2113 α’ναγωρεῖτε
1425 2020 1489 2096 ἀπ’
1518 2029 1614 2113 ἐμοῦ
1642 2029 1679 2097 σί

372 2122 725 2218 ίργαςόμενοιτῆν
746 2123 930 2214 ἀνομίαν,
953 2122 1147 2197 οὐδέκοτε
1170 2127 1298 2212 ἔγνων
1319 2120 1432 2212 ὑμᾶς,
1453 2119 1680 2214 μῆὸκαρδισ-

299 2248 351 2298 ενι
374 2227 530 2318 γνώστης
552 2222 614 2298 οὐκ
628 2231 759 2314 ἐπέγνω
774 2221 912 2309 αὐτούς
934 2222 1006 2297 ἀλλ’
1021 2221 1082 2312 οὐχ
1103 2221 1153 2306 ώς
1167 2223 1324 2309 ἐβούλετο
1339 2223 1595 2296 ἐπολιτεύοντο*
1614 2229 1619 2311 Ι
1637 2223 1679 2295 τὸ

373 2325 437 2417 γὰρ
459 2343 586 2398 συνιεῖν
607 2324 787 2413 γινώσκειν
808 2330 954 2413 λέγεται,
981 2321 1029 2407 ώς
1054 2332 1109 2395 καὶ
1134 2320 1153 2395 ὁ
1176 2327 1289 2395 david·
1321 2327 1358 2394 σί
1379 2330 1549 2410 πατέρες
1571 2319 1680 2410 ὑμῶν

374 2421 421 2496 ατί
442 2431 617 2514 συνῆκαν
639 2423 687 2496 τὰ
706 2421 910 2512 θαυμάσιᾶ
929 2452 1007 2514 μου
1021 2428 1064 2494 ἐν
1078 2431 1124 2512 γῆ
1140 2421 1316 2497 Χαναᾶν,
1338 2429 1451 2494 καίτοι
1467 2424 1566 2494 είδσν.
1601 2415 1679 2495 οὔτε

322 2545 357 2600 20
375 2523 439 2616 γὰρ
460 2529 498 2596 ἐκ
519 2531 582 2594 τοῦ
603 2533 750 2611 θεωρεῖν
770 2519 835 2612 ῆιίη
856 2523 968 2596 καὶτὸ
990 2541 1115 2594 συνιεῖν
1128 2519 1337 2610 παράκειται.
1373 2530 1532 2610 φανερῶς
1546 2519 1679 2610 εὑρίσκῃ

373 2623 418 2714 μὴ
445 2619 554 2712 μόνον
580 2621 773 2712 προφήταις
799 2619 1003 2713 ἀντιλέγων,
1035 2620 1202 2694 ἀλλὰκαὶ
1228 2628 1279 2710 τῷ
1306 2618 1501 2712 εὐαγγελίῳ
1531 2629 1595 2693 τοῦ
1616 2620 1679 2711 γὰρ

378 2729 528 2810 Χριστοῦ
548 2719 616 2795 ὑπὸ
638 2719 784 2794 πάντων
799 2729 1040 2811 θεωρουμένου
1055 2719 1254 2808 ἀναφανδὸν
1272 2728 1330 2792 καὶ
1352 2729 1524 2811 λέγοντος·
1547 2717 1678 2803 οὐδεὶς

374 2821 413 2894 σί
418 2828 438 2894 δ
444 2853 458 2894 ε
479 2820 551 2894 τὸν
565 2819 669 2906 υἱόν,
691 2818 782 2912 ὑμεῖς
797 2825 970 2905 ἐναντίους
984 2821 1064 2904 τούς
1076 2819 1256 2910 προφήτας
1272 2825 1393 2892 οἴεσθε.
1429 2829 1549 2908 σαφῶς
1563 2829 1680 2892 τοίνυν

373 2927 428 2992 καὶ
459 2915 478 2993 ὁ
505 2919 653 3010 Χριστὸς
683 2927 738 2992 καὶ
769 2924 801 2992 σί
832 2927 1007 3009 προφῆται
1032 2919 1198 3010 ἐμήνυσαν
1223 2929 1301 3008 περὶ
1326 2921 1486 3008 γνώσεως
1513 2927 1598 2992 θεοῦ
1623 2928 1678 2990 καὶ

321 3039 355 3094 25
374 3017 550 3110 ἀγνωσίας.

457 3129 520 3190 Er
522 3127 578 3190 ΤΡ.
623 3125 732 3208 Δῆλον
763 3111 818 3189 ὅτι
852 3116 894 3190 τὸ
930 3139 1053 3191 συνιεῖν
1084 3119 1263 3208 γινώσκειν
1294 3123 1327 3190 αἱ
1361 3126 1485 3208 γραφαὶ
1518 3126 1679 3206 λέγουσιν.

373 3214 480 3292 ὁπότε
500 3217 563 3307 γὰρ
584 3213 799 3306 ὁπροφήτης
821 3223 920 3307 λέγει·
942 3215 1090 3308 Ἰσραήλ
1112 3224 1155 3290 δέ
1174 3247 1218 3308 με
1241 3216 1313 3291 οὐκ
1335 3222 1434 3308 ἔγνω
1456 3227 1520 3291 καὶ
1542 3213 1561 3290 ὁ
1584 3214 1678 3300 λαός

335 3343 353 3398 b
372 3347 414 3408 με
438 3315 483 3392 ου’
504 3323 687 3407 συνῆκεν,
716 3313 816 3410 ὁμῶς,
832 3322 884 3403 [δὲ]
906 3324 961 3389 καὶ
984 3313 1003 3389 ὁ
1026 3316 1181 3406 Χριστός,
1211 3324 1455 3407 συνδιατρίβων
1478 3337 1551 3401 τοῖς
1571 3329 1678 3407 μαθη

373 3437 444 3502 ταῖς
460 3421 583 3508 ἐλεγεν·
605 3413 737 3500 οὐδεὶς
759 3416 841 3488 οίόε
863 3417 935 3489 τὸν
956 3415 1044 3488 υίὸν
1066 3421 1098 3487 εί
1118 3416 1168 3507 μῆ
1184 3412 1203 3489 ὁ
1218 3416 1358 3507 πατήρ.
1395 3414 1549 3490 ἀλλὰκαὶ
1565 3419 1678 3488 συνών

322 3535 354 3592 :30
372 3519 484 3606 ἐλεγεν
506 3513 634 3600 αὐτοῖς·
657 3514 854 3589 οὐδέποτε
878 3521 1005 3607 ἔγνων
1027 3515 1131 3606 ὑμᾶς.

458 4041 513 4112 Ῑίθ]
536 4041 585 4096 Mt.
599 4043 701 4107 11:27.
723 4043 881 4100 Ιισ.1οι22.
904 4073 937 4082 -
960 4042 1041 4112 4-6]
1063 4042 1116 4096 ίεε.
1134 4044 1199 4097 1:3.
1221 4071 1255 4082 —
1281 4042 1332 4112 λβ]
1355 4041 1409 4097 Jer.
1424 4043 1522 4097 31:34.
1544 4071 1579 4081 -
1600 4041 1677 4110 9110]

373 4125 469 4182 Enoch.
482 4127 526 4182 2οι
539 4129 564 4184 δ.
576 4157 609 4166 -
623 4127 672 4198 14]
690 4129 743 4182 Mt.
756 4130 800 4183 11:
815 4130 855 4196 27,
874 4128 919 4184 Lo.
932 4130 977 4184 10:
990 4129 1032 4182 22.
1044 4157 1077 4166 —
1091 4127 1187 4196 15116]
1200 4127 1252 4181 Mt.
1266 4129 1294 4181 7:
1306 4128 1348 4183 23.
1360 4157 1392 4167 -
1406 4126 1503 4196 18ίίθ]
1524 4127 1567 4180 Ρε.
1581 4129 1641 4182 105:
1655 4127 1678 4179 7.

373 4241 404 4252 -
423 4211 521 4282 22128]
539 4211 670 4267 ίεε.1;3.
688 4243 721 4252 -
740 4213 785 4283 29]
803 4214 851 4268 Mt„
865 4215 909 4269 11’;
922 4215 955 4269 27
982 4243 1015 4252 -
1033 4211 1082 4281 8⁰]
1101 4211 1246 4266 Mt.7:23.

460 4381 473 4436 7
498 4381 586 4438 τισίλαι
603 4383 652 4438 Th.
672 4381 741 4438 Gale
757 4381 787 4436 in
804 4379 968 4435 Wettsteins
986 4379 1120 4434 Addenda
1138 4399 1160 4434 ι.
1178 4397 1199 4434 ε.
1217 4381 1313 4450 Λαερ,
1337 4378 1422 4435 πάλιν
1444 4380 1470 4434 d.
1489 4379 1560 4436 flss.
1581 4379 1675 4434 ›olim‹

372 4465 477 4522 Humfr.
492 4467 497 4535 Ι
514 4467 549 4522 11
571 4477 670 4536 φῆσαι·
688 4463 837 4538 ἐγνώσθην
855 4465 881 4522 d.
899 4465 984 4528 HSS.;
1006 4464 1054 4518 der
1071 4464 1145 4519 θοι-ί.
1164 4465 1242 4520 είείίί
1259 4466 1325 4520 aber
1342 4465 1465 4520 offenbar
1482 4461 1678 4536 ἐπιγινώσκειν

371 4549 427 4604 und
445 4545 594 4621 γινώσκειν
612 4551 742 4606 einander
758 4549 916 4621 gegenuber
930 4552 933 4616 Ι
949 4549 989 4606 28
1008 4547 1095 4619 ὁμῶς]
1114 4549 1159 4604 dio
1175 4549 1247 4605 HSS.
1265 4567 1291 4604 ιι.
1303 4553 1407 4620 Ausgg.
1425 4545 1511 4617 ὅμως.
1541 4549 1589 4602 Ich
1607 4547 1678 4602 habe

370 4633 399 4692 δέ
418 4635 581 4706 ςεείτίοίιεε,
601 4633 649 4688 τίει
666 4633 751 4690 durch
769 4635 813 4690 die
831 4634 935 4690 salacho
952 4634 1047 4690 hasart
1065 4629 1144 4703 ὅμως
1160 4635 1375 4705 hervorgerusen
1392 4634 1505 4688 worden
1522 4649 1588 4688 war.
