3708 5528
365 540 384 601 ς
932 532 1122 588 Adamantius.
1330 494 1679 593 οιιιειιιιεοευ-ε.

367 696 449 779 τοὺς
479 692 699 783 ἀνθρώπους,
730 690 752 784 ἢ
785 695 924 778 ἕκαστος
955 697 1065 785 ἑαυτῷ
1097 697 1206 767 ἔκτισε
1237 695 1300 768 τὸν
1331 696 1524 787 ἄνθρωπον
1554 691 1595 769 οῦ
1621 705 1677 770 καὶ

366 796 474 886 ἀρχει,·

451 919 555 982 ΜΕΓ.
578 908 668 1001 ,Οῦχ
691 915 722 982 οἱ
745 929 835 1000 τρεῖς
858 915 994 984 ἔκτισαν
1015 911 1096 995 τούς
1117 909 1336 1002 ἀνθρώπους,
1360 909 1434 985 ἀλλ’
1458 908 1477 984 δ
1499 914 1554 997 είς.

450 1017 519 1082 ΑΔ.
562 1019 665 1094 Ποῑος
688 1018 762 1082 τῶν
785 1018 909 1099 τριῶν,·

333 1131 348 1182 5
449 1119 553 1181 ΜΕΓ.
595 1107 627 1180 ‘0
651 1119 725 1182 τῶν
746 1106 922 1181 Ἰουδαίων.

449 1217 517 1281 ΑΔ.
565 1218 630 1283 Τοῦ
651 1218 725 1282 τῶν
747 1205 914 1281 Ἰουδαίων
936 1217 1021 1281 θεοῦ
1041 1219 1223 1293 κτίσαντος
1244 1211 1325 1294 τοὺς
1347 1207 1566 1299 ἀνθρώπους,
1588 1213 1677 1284 κατὰ

366 1329 467 1382 ποῖον
507 1307 640 1398 τρόπον
679 1305 701 1398 ἢ
744 1315 848 1381 ποίαν
889 1313 1002 1380 αἰτίαν
1044 1309 1203 1398 ἄρχουσιν
1244 1305 1263 1382 δ
1303 1307 1434 1399 ἀγαθὸς
1469 1319 1523 1383 καὶ
1561 1306 1580 1382 δ
1615 1341 1677 1382 πο-

369 1408 471 1498 νηρὸς
493 1417 567 1482 τῶν
597 1407 813 1497 ἀνθρώπων;
844 1415 1015 1480 δείκνυται
1041 1408 1103 1497 γὰρ
1134 1414 1169 1494 ἐξ
1196 1405 1445 1499 ἀμφοτέρωνδ
1477 1409 1677 1500 δημιουργὸς

368 1507 506 1599 ἀγαθός.
542 1517 570 1580 εί
592 1515 653 1590 μὲν
675 1509 765 1578 ἓκῶν
788 1509 1021 1596 συνεχώρησεν
1048 1505 1163 1594 αὐτοῖς
1186 1507 1227 1579 τὸ
1251 1513 1306 1597 [οὐ]
1330 1518 1405 1581 τῶν
1429 1514 1528 1581 ἰδίων
1553 1509 1675 1598 ἄρχειν,

317 1622 349 1676 10
369 1611 461 1681 ἐσται
483 1614 518 1695 ἐξ
540 1606 688 1698 ἀνάγκης
710 1603 729 1679 δ
752 1607 951 1696 δημιουργὸς
973 1605 1113 1697 ἀγαθός,
1136 1604 1155 1680 δ
1178 1609 1222 1681 τὰ
1244 1615 1312 1680 ἰδια
1334 1606 1529 1698 ἀλλοτρίοις
1543 1607 1676 1698 χαρισά-

367 1737 475 1796 μενος.
517 1713 602 1779 εἰδὲ
632 1704 707 1780 κατ’
732 1704 917 1796 ἀδυναμίαν
943 1716 1006 1778 τοῦ
1033 1712 1237 1798 δημιουργοῦ
1259 1705 1278 1780 δ
1300 1706 1431 1799 ἀγαθὸς
1452 1715 1508 1780 καὶ
1531 1703 1549 1780 δ
1571 1737 1674 1797 πονη-

367 1808 425 1897 ρὸς
457 1805 677 1898 ἀφήρπασαν,
713 1809 849 1879 ἔσονται
880 1799 978 1879 οῦτοι
1009 1836 1142 1896 πονηρο

367 1935 470 1998 μενοι.

450 2015 572 2078 ΕῩΤΡ.
615 2011 688 2095 (Εἰ)
712 2002 845 2094 ἀγαθὸν
873 2013 977 2094 λέγεις
1000 2006 1063 2078 τὸν
1089 2003 1288 2094 ἁρπάσαντα
1311 2006 1354 2078 τὰ
1385 2012 1448 2078 τοῦ
1474 2010 1677 2097 δημιουργοῦ

318 2125 350 2176 15
367 2114 423 2179 καὶ
454 2107 605 2196 ἄρχοντα
636 2113 709 2177 τῶν
737 2099 947 2194 ἀλλοτρίων,
978 2113 1055 2188 πῶς
1082 2103 1157 2179 οἶόν
1183 2113 1223 2178 τέ
1247 2111 1340 2178 ἐστιν
1362 2103 1496 2196 ἀγαθὸν
1518 2114 1677 2196 λέγεσθαι

367 2207 431 2280 τὸν
453 2207 496 2279 τὰ
519 2203 684 2295 ἀλλότρια
706 2201 918 2294 ἁρπάζοντες

450 2313 553 2377 ΜΕΓ.
599 2303 666 2395 Οῦχ
688 2301 849 2396 ἥρπασεν,
871 2301 945 2377 ἀλλ’
966 2304 1104 2395 ἐλεήσας
1126 2309 1251 2395 ἔπεμψε
1274 2305 1337 2378 τὸν
1352 2304 1428 2377 υἱὸν
1443 2302 1491 2390 ῶς
1513 2301 1675 2396 (ἀγαθὸς)

367 2401 578 2493 ἀγαθὸνκαὶ
601 2403 763 2494 ἐρρύσατο
786 2400 878 2494 ἡμᾶς.

449 2509 516 2574 ΑΔ.
564 2503 606 2576 Τὸ
633 2509 738 2576 ἐλεεῖν
766 2533 844 2576 τινα
870 2501 1063 2594 συμπάθειά
1089 2533 1142 2587 τις
1162 2504 1249 2592 πρὸς
1276 2505 1317 2577 τὸ
1340 2504 1466 2579 οἰκεῖόν
1489 2509 1559 2577 ἐστι
1587 2534 1676 2593 γινο-

315 2621 349 2676 20
365 2609 461 2696 μένη·
490 2600 725 2694 συνεπάθησεν
747 2597 809 2676 οῦν
832 2599 851 2675 δ
874 2600 1004 2692 ἀγαθὸς
1025 2609 1124 2687 ἰδίοις
1146 2600 1168 2693 ἢ
1189 2601 1399 2693 ἀλλοτρίοις;

450 2712 552 2774 ΜΕΓ.
594 2699 808 2794 Ἀλλοτρίοις
1245 2771 1249 2779 ,

330 2827 348 2879 d
449 2810 516 2874 ΑΔ.
558 2799 611 2886 Ὡς
632 2815 749 2887 καλοῖς
772 2800 1009 2893 συνεπάθησεν
1031 2798 1052 2892 ἢ
1076 2799 1124 2887 ώς
1144 2822 1277 2888 κακοτς;

448 2910 553 2974 MEI'.
593 2899 647 2986 Ὡς
669 2900 889 2994 ἁμαρτωλοῖς.

450 3009 519 3072 ΑΔ.
562 3008 648 3090 Πρὶν
664 2999 685 3091 ἢ
707 2999 901 3091 ἀμάρτωσιν
918 3007 950 3074 οἱ
966 3002 1158 3089 ἄνθρωποι,
1180 3011 1280 3076 καλοὶ
1294 3003 1380 3093 πρὸς
1396 3011 1459 3076 τοῦ
1474 3009 1678 3095 δημιουργοῦ

316 3111 349 3166 25
366 3107 571 3190 ἐκτίσθησαν
603 3097 624 3190 ἢ
654 3109 769 3186 κακοί,·
804 3099 852 3184 ῶς
879 3094 941 3174 οῦν
972 3109 1089 3174 καλῶν
1116 3101 1327 3192 ἐπεθύμησεν
1354 3099 1376 3193 ή
1407 3101 1456 3187 ώς
1478 3112 1611 3190 κακῶν,·
1648 3113 1678 3177 εἰ

367 3209 428 3292 μὲν
460 3194 523 3273 οὖν
554 3198 603 3283 ῶς
631 3209 762 3286 κακῶν,
793 3203 887 3273 ἔσται
921 3208 1039 3273 κακῶν
1069 3201 1296 3293 ἐπιθυμητής·
1333 3200 1463 3292 ἀγαθὸς
1493 3211 1528 3275 δὲ
1558 3213 1677 3277 κακῶν

368 3298 430 3372 οῦκ
455 3306 615 3390 ἐπιθυμεῖ
622 3322 629 3339 ·
659 3305 688 3371 εἰ
714 3306 749 3373 δέ
781 3297 829 3382 ώς
856 3297 1011 3388 ἀγαθῶν,
1035 3303 1127 3373 ἔσται
1150 3298 1169 3373 δ
1192 3301 1392 3392 δημιουργὸς
1414 3300 1560 3393 ἀγαθῶν
1580 3334 1677 3394 ποιη-

368 3399 438 3490 τής,
461 3397 601 3489 (οὐκοῦν
622 3396 769 3489 ἀγαθός·
803 3405 839 3487 ἐξ
866 3393 917 3471 ῶν
939 3399 1001 3489 γὰρ
1023 3399 1167 3487 πράττει
1189 3431 1242 3486 τις
1263 3402 1325 3486 τὰς
1347 3411 1574 3494 προσηγορίας
1596 3417 1676 3494 λαμ-

368 3498 469 3585 βάνει,
492 3499 645 3591 ἐλεήμων
667 3504 703 3572 ἐκ
725 3507 790 3573 τοῦ
812 3505 925 3586 ἐλεεῖν,
948 3507 1003 3572 καὶ
1025 3501 1136 3574 τᾶλλα
1159 3497 1307 3591 ὁμοίως).

316 3615 350 3668 30
451 3608 553 3670 ΜΕΓ.
599 3591 684 3672 Οῦτε
711 3596 760 3684 ῶς
786 3597 929 3690 ἀγαθῶν
957 3593 1037 3673 οῦτε
1064 3598 1112 3685 ώς
1143 3609 1270 3688 κακῶν,
1297 3598 1384 3674 ἀλλὰ
1416 3610 1678 3692 σπλαγχνισθεὶς

369 3697 515 3790 ἠλέησεν.

451 3808 572 3870 ΕῩΤΡ.
609 3799 778 3872 Βοῦλεται
793 3805 901 3890 λέγειν
917 3809 1085 3890 Μεγὲθιος
1106 3795 1161 3874 δτι
1178 3795 1258 3874 οῦτε
1277 3798 1381 3892 ήμέρα
1402 3795 1482 3876 οῦτε
1498 3801 1567 3888 νύξ,
1591 3799 1679 3875 ἀλλά

335 3929 404 3970 ετι
425 3907 527 3989 μέσον
554 3898 701 3972 τούτων.
744 3898 981 3990 ἓρμηνευσάτω
1010 3895 1073 3974 οὖν
1099 3909 1134 3973 τί
1161 3907 1254 3974 ἐστιν
1281 3896 1300 3973 δ
1328 3908 1428 3991 λέγει,
1459 3908 1488 3974 εἰ
1511 3901 1596 3993 μήτε
1623 3934 1680 3974 κα·

370 3999 449 4083 λοῦς
479 4007 567 4089 λε’γει
598 4001 678 4084 τοὺς
708 3997 917 4088 ἀνθρώπους
947 4005 1102 4073 ἐκτίσθαι
1127 3999 1212 4092 μήτε
1232 3999 1368 4085 κακούς·
1391 4010 1425 4073 τί
1448 3995 1510 4074 οῦν
1533 4007 1602 4074 ἐστὶ
1624 4029 1679 4092 με·

317 4119 351 4173 35
369 4100 452 4186 ταξῦ
472 4106 581 4172 καλοῦ
604 4129 641 4171 τε
662 4107 716 4172 καὶ
738 4107 860 4184 κακοῦ;

453 4306 472 4361 θ
496 4302 530 4359 οἰ
547 4303 649 4374 getilgt
665 4305 717 4359 mit
735 4305 795 4360 Rus.
811 4307 815 4372 Ι
833 4305 869 4360 11
896 4307 945 4360 καί
966 4297 1030 4360 κατ’
1051 4301 1127 4360 ἅδον.
1147 4305 1187 4374 Ol
1204 4305 1243 4362 14
1260 4304 1297 4361 Εἰ
1313 4316 1347 4365 <
1365 4308 1390 4362 d.
1410 4305 1481 4361 HSS.
1499 4307 1554 4377 vgl.
1573 4307 1634 4361 Rus.
1653 4326 1679 4363 u.

369 4389 551 4458 Ein1.§4a„
571 4389 601 4442 Ε.
617 4391 621 4457 1
637 4383 804 4461 ἁρπάξαντα
823 4392 846 4442 Α
865 4391 894 4458 (a
909 4387 977 4443 fiber
994 4391 1019 4454 ξ)
1042 4391 1105 4444 B¹F
1124 4391 1127 4459 ί
1149 4390 1186 4446 17
1206 4387 1318 4461 ἀγαθδς
1335 4401 1369 4450 <
1387 4391 1412 4445 d.
1431 4391 1501 4446 HSS.
1520 4392 1575 4462 vgl.
1594 4393 1655 4446 Rus.
1672 4393 1676 4460 Ι

369 4473 456 4542 m?
486 4470 598 4544 ἀγαθὸς
610 4505 642 4512 -
655 4469 792 4542 ἐπιθυμεῖ
806 4486 837 4532 <
855 4479 880 4528 Α
904 4477 907 4541 Ι
932 4473 1017 4540 θδγθθ
1035 4471 1300 4544 οὐκοῦν-δμοίως
1317 4485 1350 4534 <
1367 4475 1429 4530 Rus.
