3708 5528
372 501 411 562 22
916 495 1104 551 Adamantius.
1333 499 1374 552 De
1391 497 1420 554 la
1437 500 1496 554 Rue
1513 500 1526 553 1
1542 501 1675 555 Sua-d.

456 670 559 731 ΜΕΓ.
593 653 625 728 ‘0
646 655 728 739 θεός
750 663 811 747 τῆς
832 664 992 747 γενέσεως
1006 664 1203 731 ἐντέταλται
1218 667 1335 729 Μωσεῑ
1354 664 1543 746 ἐκβαίνοντι
1558 666 1595 733 ἐκ
1615 670 1676 754 γῆς

374 759 552 849 Αἰγύπτου
567 762 688 846 λέγων·
711 757 865 844 έτοιμοι
886 764 1063 846 γένεσθε,
1086 758 1160 847 τήν
1181 754 1309 844 όσφὺν
1331 757 1560 849 έζαισμένοι,
1583 763 1677 845 τούς

361 855 501 942 ,πόδας
521 855 821 946 ύποδεδεμένοι,
849 857 918 940 τὰς
940 856 1110 946 ῥάβδους
1132 863 1174 930 έν
1195 877 1283 941 ταῖς
1303 867 1440 948 χερσίν
1460 857 1583 948 ύμῶν,
1608 861 1678 946 τάς

372 954 500 1047 πήρας
523 962 680 1046 ἔχοντες
702 953 758 1043 ἐφ’
775 956 952 1040 ἑαυτούς·
972 955 1117 1046 χρυσόν
1137 965 1202 1027 καί
1225 957 1399 1048 ἄργυρον
1419 966 1482 1030 καί
1507 960 1553 1032 τὰ
1576 961 1677 1034 ἄλλα

336 1054 506 1127 σπάνια
527 1054 800 1146 άπενέγκασθε
823 1063 904 1127 τῶν
919 1063 1166 1144 Αἰγυπτίων.
1203 1052 1222 1127 δ
1244 1065 1280 1128 δὲ
1300 1058 1417 1145 κύριος
1439 1054 1536 1147 ἡμῶν
1558 1055 1577 1132 ό
1599 1059 1678 1149 άγσ-

374 1153 452 1240 θός,
483 1152 707 1228 ἀποστέλλων
737 1156 818 1237 τοὺς
843 1156 1001 1244 μαθητὰς
1025 1153 1133 1227 αύτοῦ
1161 1162 1207 1240 εἰς
1236 1156 1300 1246 τήν
1329 1163 1544 1248 οἰκουμένην,
1575 1165 1677 1249 λέγει·

372 1252 470 1344 μήτε
489 1251 728 1346 ύποδήματα
751 1259 793 1326 έν
814 1273 900 1338 τοῖς
920 1262 1043 1328 ποσίν
1064 1253 1188 1342 ύμῶν,
1210 1253 1467 1347 μήτεπήραν,
1490 1256 1586 1348 μήτε
1607 1259 1677 1332 δύο

373 1362 564 1442 χιτῶνας,
585 1354 683 1445 μήτε
697 1353 848 1446 χαλκόν
863 1361 904 1428 έν
926 1373 1012 1438 ταῖς
1028 1356 1172 1442 ςεόναις
1194 1353 1311 1443 ύμῶν.
1341 1361 1389 1426 ἴδε
1411 1365 1487 1440 πῶς
1501 1367 1678 1448 τηλαυγῶς

376 1450 395 1524 ὁ
417 1451 547 1540 ἀγαθός
569 1474 642 1537 τοῖς
663 1459 794 1526 ἐκείνου
814 1461 1027 1527 ἐναντιοῦται
1048 1450 1217 1543 δόγμασιν.

323 1563 357 1618 10
457 1561 522 1624 ΕΓ
522 1563 579 1624 ΤΡ.
626 1552 668 1623 Τὸ
696 1551 780 1624 αύτό
807 1583 864 1643 μοι
892 1563 1048 1640 φαίνεται
1074 1561 1180 1626 τοῦτο
1205 1548 1289 1643 ὅπερ
1316 1550 1357 1626 τὸ
1380 1554 1536 1641 φονεύειν
1557 1564 1611 1626 καί
1632 1556 1676 1646 μή

376 1651 544 1738 φονεύειν,
566 1660 620 1723 καί
643 1651 684 1724 τὸ
708 1650 837 1724 διδόναι
851 1661 972 1736 θυσίας
986 1661 1040 1724 καί
1061 1654 1106 1743 μή
1129 1651 1266 1726 διδόναι.
1302 1651 1431 1726 ταύτόν
1453 1647 1516 1726 σύν
1530 1659 1600 1726 ἐστι
1620 1666 1675 1727 καὶ

376 1749 416 1820 τό
439 1748 618 1840 λαμβάνειν
639 1749 799 1842 ἀργύριον
820 1761 875 1823 καί
890 1750 1011 1843 πήραν,
1034 1760 1089 1824 καί
1110 1753 1154 1844 μή
1170 1750 1360 1842 λαμβάνειν,
1399 1763 1491 1843 ζητῶ
1511 1754 1551 1844 δή
1572 1763 1677 1826 τοῦτο

343 1877 358 1913 c
376 1854 413 1927 εἰ,
435 1857 499 1922 τού
515 1856 718 1940 δημιουργοῦ
732 1850 989 1940 προστάξαντος
1004 1861 1055 1943 τῷ
1070 1850 1211 1942 Ἁβραάμ
1228 1851 1383 1940 φονεύειν
1399 1853 1462 1925 τὸν
1476 1850 1560 1938 υίόν,
1576 1853 1678 1938 ἄλλος

376 1945 502 2021 ἐστίνό
524 1949 759 2041 νομοθετήσας
771 1952 816 2043 μή
839 1951 996 2040 φονεύειν
1014 1958 1070 2023 καὶ
1092 1951 1195 2036 άλλος
1216 1947 1235 2024 ό
1256 1958 1306 2041 τῷ
1322 1949 1464 2042 Ἁβραάμ
1479 1951 1678 2043 προστάξας.

325 2063 357 2116 15
457 2053 537 2137 (ΑΔ.
581 2055 622 2121 Εἰ
652 2057 687 2123 δὲ
713 2051 760 2133 είς
785 2057 877 2124 ἐστιν
907 2047 926 2122 ό
956 2058 1065 2122 ταῦτα
1095 2049 1329 2140 νομοθετήσας
1359 2051 1402 2122 τά
1433 2050 1678 2142 ήναντιωμένα.

377 2141 462 2233 άπερ
484 2146 588 2232 αύτὸς
610 2154 804 2241 ἐδοκίμασεν
825 2143 861 2222 εὖ
884 2155 983 2238 ἐχειν,
1011 2154 1039 2222 εί
1060 2157 1114 2220 καί
1143 2147 1221 2239 ἡμίν
1243 2155 1401 2222 δοκοῦσιν
1424 2156 1562 2224 ἐναντία
1583 2153 1677 2226 εἰναι.

375 2256 451 2330 πῶς
474 2248 527 2320 διά
550 2249 590 2320 τό
606 2254 719 2320 δοκείν
740 2248 973 2341 η’ναντιῶσθαί
991 2279 1069 2321 τινα
1090 2258 1164 2320 τῶν
1185 2256 1222 2320 έν
1243 2257 1294 2339 τῷ
1318 2249 1498 2341 εύαγγελίρι
1523 2272 1595 2335 ταῖς
1616 2260 1680 2324 τοῦ

377 2346 483 2437 νόμου
510 2344 725 2437 προστάξεσι,
757 2348 817 2421 δύο
845 2356 949 2438 λέγεις
976 2351 1058 2421 εἰναι
1084 2348 1186 2432 θεοὺς
1212 2350 1293 2432 τούς
1314 2349 1603 2438 προστάσσοντας,
1633 2353 1678 2442 μή

376 2455 484 2531 δείξας
510 2455 585 2529 πῶς
607 2441 669 2518 οὖν
696 2444 715 2518 ὁ
737 2445 840 2532 αύτός
862 2457 925 2522 τοῦ
947 2447 1053 2530 νόμου
1074 2447 1171 2533 θεός,
1199 2450 1245 2532 είς
1268 2448 1327 2525 ὤν,
1350 2451 1422 2522 εἰπε
1445 2451 1603 2539 φονεύειν
1623 2463 1677 2524 καί

324 2553 358 2610 20
374 2547 419 2636 μὴ
446 2545 619 2633 φονεύειν;
653 2554 681 2618 εἰ
711 2553 746 2619 δὲ
776 2547 854 2633 ἰξόν
884 2545 978 2639 αύτῷ
1009 2546 1056 2630 σός
1082 2557 1156 2639 θεῷ
1180 2549 1268 2620 κατά
1298 2558 1435 2635 καίρους
1462 2545 1481 2620 ό
1510 2551 1678 2637 βούλεται,

374 2652 505 2734 μᾶλλον
534 2651 570 2717 δὲ
597 2639 616 2716 ό
644 2645 811 2735 δοκιμάζει
836 2646 1011 2738 χρήσιμον,
1043 2659 1260 2736 νομοθετεῖν,
1287 2645 1307 2721 ό
1333 2647 1437 2731 αύτός
1464 2657 1633 2722 δείκνυται
1659 2647 1678 2722 ό

340 2742 567 2832 δπροστάξας
598 2744 780 2833 λαμβάνειν
810 2746 930 2834 ἐφόδια
961 2755 1022 2838 τῆς
1052 2743 1135 2818 ὁδοῦ
1164 2756 1221 2820 καί
1246 2747 1291 2838 μή
1319 2747 1508 2838 λαμβάνειν.
1553 2750 1616 2839 τήν
1643 2755 1679 2820 δὲ

376 2850 487 2915 αἰτίαν
509 2844 646 2916 τούτων
667 2848 733 2934 ἐγώ
756 2853 861 2918 εἰπεῖν
883 2845 945 2918 ούκ
968 2851 1043 2936 ἔχοι,
1066 2847 1110 2919 τά
1125 2852 1160 2916 δὲ
1178 2845 1358 2937 πράγματα
1380 2844 1480 2937 ὅμοια
1501 2847 1679 2938 τυγχάνει.)

459 2952 578 3016 ΕΤΤΡ.
618 2953 654 3018 Τί
677 2955 789 3036 λέγεις,
806 2954 965 3036 Μεγέθιε;
987 2943 1006 3019 ό
1029 2944 1132 3030 αύτός
1153 2945 1235 3030 θεός
1256 2948 1303 3030 εἰς
1317 2953 1418 3033 ἐστιν,
1441 2945 1463 3037 ἢ
1485 2946 1545 3020 δύο
1568 2954 1605 3021 έν
1627 2955 1678 3037 τῷ

325 3053 358 3109 25
376 3040 470 3134 νόμῳ
493 3049 631 3115 ἐναντία
653 3044 940 3134 προστάσσοντες,·

459 3152 562 3215 ΜΕΓ.
608 3137 717 3228 Οὗτος
738 3151 799 3234 μὲν
820 3141 839 3216 ὁ
862 3143 974 3230 αύτός,
1002 3142 1020 3218 ὁ
1044 3151 1079 3217 δὲ
1102 3144 1250 3233 Χριστός
1272 3143 1335 3218 ούκ
1358 3149 1450 3218 ἔστιν
1473 3143 1578 3219 αύτοῦ
1600 3144 1680 3229 υίός.

459 3251 523 3314 ΕΓ
524 3253 580 3315 ΤΡ.
624 3251 665 3316 Εἰ
693 3245 746 3316 διὰ
778 3244 818 3315 τό
845 3253 957 3317 δοκεῖν
984 3251 1225 3317 ἐναντιοῦσθαι
1254 3247 1315 3328 τάς
1345 3256 1547 3333 νομοθεσίας
1577 3254 1683 3336 λέγεις

377 3343 484 3416 ἄλλον
504 3343 580 3415 υίόν
593 3347 679 3416 εἶναι
701 3343 765 3416 τόν
781 3342 939 3430 Χριστόν,
962 3343 1108 3434 πλάττη,
1131 3352 1285 3433 Μεγέθιε,
1308 3351 1440 3436 ἐδείχθη
1460 3341 1557 3436 γάρὸ
1579 3343 1682 3430 αὐτὸς

378 3443 420 3514 τά
441 3447 509 3513 ἰδία
531 3441 732 3533 ἀνατρέψας,
756 3443 803 3529 σός
824 3451 879 3516 καί
902 3441 1006 3528 αύτός
1028 3440 1258 3533 αόμολόγηκας.

326 3547 360 3602 30
460 3550 527 3615 ΑΔ.
571 3550 636 3614 Καὶ
657 3547 686 3613 εἰ
707 3536 750 3633 ἦν
773 3539 791 3616 ό
813 3549 988 3632 προέτεινε
1009 3542 1205 3632 κεφάλαιον,
1233 3543 1422 3618 ἐδεικνύετο
1445 3543 1520 3628 ἑνός
1541 3551 1597 3615 καί
1619 3553 1683 3618 τοῦ

463 3698 519 3768 215]
538 3699 624 3754 Exod.
638 3700 682 3754 12:
696 3703 737 3768 11,
754 3703 782 3756 3:
795 3702 835 3766 22,
856 3705 899 3755 11:
912 3701 937 3768 2,
957 3703 998 3756 12:
1012 3703 1052 3755 35.
1070 3730 1105 3740 -
1125 3699 1178 3769 718]
1197 3699 1247 3754 Mt.
1260 3700 1305 3754 10:
1318 3701 1341 3758 9.
1359 3701 1404 3754 Le.
1417 3701 1444 3755 9:
1457 3704 1481 3764 3,
1501 3705 1582 3758 1024.

461 3816 480 3869 4
497 3813 532 3872 τὰ
550 3834 600 3872 vor
616 3812 688 3873 ἄλλα
706 3820 737 3884 Β,
757 3816 897 3877 <d.1·1br.
914 3819 918 3884 Ι
934 3816 952 3872 8
971 3817 1078 3872 A¹BCD
1092 3817 1187 3870 hieru.
1199 3817 1308 3871 weiter:
1326 3819 1470 3888 δηλαυγῶς
1484 3818 1489 3886 Ι
1505 3817 1616 3874 16-28
1633 3818 1684 3873 Boi

377 3901 439 3955 Rus.
457 3900 528 3956 fehlt
549 3901 624 3957 diese
640 3903 715 3958 Rode
737 3903 795 3956 und
817 3903 915 3972 gehbrh
936 3903 964 3956 τί
985 3899 1076 3972 λέγεις
1093 3903 1132 3956 Μ.
1151 3919 1185 3956 zu
1207 3902 1255 3956 der
1277 3902 1517 3972 vorhergehenden
1540 3903 1615 3958 Rode
1636 3903 1685 3958 dos

379 3983 455 4042 matr.
492 3986 534 4040 Ob
553 3987 601 4042 der
618 4005 659 4058 gr.
678 3988 745 4042 oder
761 3987 809 4042 dor
826 3987 874 4041 lat..
893 3987 964 4041 Text
981 3985 1104 4054 Original
1123 3983 1170 4050 ist,
1193 3984 1262 4038 lstsst
1284 3986 1341 4040 sich
1359 3988 1436 4041 nicht
1453 3988 1504 4042 mit
1523 3986 1686 4042 Gewinsheit

378 4071 549 4126 bestimmen.
584 4071 621 4126 Es
639 4073 715 4127 kann
733 4073 795 4127 sehr
812 4077 862 4143 gut
879 4072 945 4138 sein,
964 4071 1027 4123 dass
1039 4071 1100 4124 Rus.
1112 4071 1165 4124 wie
1182 4071 1266 4124 θέλετε
1284 4073 1314 4133 (a.
1327 4070 1399 4126 Εἰσί.
1412 4073 1427 4138 ξ
1440 4073 1481 4136 11)
1500 4072 1616 4141 gekflrzt
1627 4071 1683 4126 hat.

378 4155 561 4213 Refremdend
574 4156 676 4226 judoch
698 4158 734 4212 ist
756 4158 805 4212 der
822 4157 932 4212 Schluss
956 4156 1020 4222 »τήν
1043 4154 1072 4210 δὲ
1091 4153 1184 4210 αἰτίαν
1202 4151 1260 4224 ἐγὼ
1278 4151 1367 4210 εἰπεῖν
1385 4153 1438 4210 οὐκ
1455 4149 1535 4225 ἔχοι.
1570 4157 1619 4211 Ale
1637 4155 1685 4210 der

379 4241 520 4296 verfasser
537 4243 562 4296 S.
580 4243 695 4296 810011.
713 4241 837 4297 811δ-ἰ
851 4240 966 4300 schrieb‚
984 4243 1084 4292 wusste
1102 4255 1131 4292 er
1148 4256 1177 4294 εε
1194 4238 1224 4308 ja
1241 4257 1312 4308 ganz
1330 4241 1398 4308 gut!
1416 4239 1454 4295 19
1473 4233 1523 4294 οὖν
1541 4250 1575 4300 <
1592 4239 1683 4308 Am!

380 4327 420 4380 24
441 4326 490 4381 Βεί
511 4326 671 4382 Humfridus
693 4327 754 4381 sind
776 4323 793 4380 δ
816 4322 946 4390 αύτδς-
958 4322 1186 4393 προστάσσοντες
1209 4323 1305 4378 Ἦοείε
1328 4324 1375 4378 des
1397 4325 1447 4378 Ad.
1471 4327 1475 4389 Ι
1500 4325 1538 4380 26
1561 4321 1577 4378 δ
1600 4321 1686 4390 αἰτδς

379 4406 455 4465 ἐστιν
465 4413 491 4465 A
505 4413 510 4480 Ι
525 4413 563 4467 27
582 4413 740 4480 νομοθείας
751 4411 845 4482 Migno
860 4411 865 4477 Ι
880 4410 920 4465 80
937 4409 986 4464 καί
1004 4406 1030 4464 εἰ
1047 4405 1080 4476 ἦν
1090 4411 1203 4463 -θεοῦ
1220 4407 1298 4477 giebt
1308 4427 1344 4462 m.
1357 4408 1388 4462 11.
1400 4408 1500 4463 keinen
1513 4412 1598 4479 guton
1610 4409 1685 4464 Sinn.

379 4495 426 4549 leh
435 4500 568 4564 vormute,
582 4497 644 4550 dass
657 4498 729 4551 nach
742 4493 901 4564 κεφάλαιον
916 4493 964 4546 das
973 4493 1055 4547 Wort
1064 4489 1192 4548 ἐναντίον
1206 4492 1376 4561 ausgefallen
1389 4493 1432 4558 ist,
1444 4493 1501 4563 vgl.
1512 4493 1588 4561 aum
1606 4489 1685 4550 ἐναν-

378 4580 441 4634 τίον
458 4579 517 4635 hier
532 4601 559 4636 u.
571 4581 600 4636 in
617 4583 666 4636 der
677 4581 744 4650 folg.
757 4581 784 4635 Z.
802 4605 835 4624 =
854 4580 897 4632 »in
916 4578 974 4633 sich
991 4576 1077 4632 solbet
1089 4576 1224 4647 streitig‹;
1242 4574 1397 4634 ἐδεικνίετο
1416 4603 1449 4622 ==
1467 4574 1622 4634 ἐδεικνύετο
1639 4573 1686 4648 ἂν,

378 4665 453 4720 Aber
470 4666 519 4721 der
536 4667 599 4720 Satz
617 4665 705 4720 bleibt
720 4666 847 4720 dennoch
859 4663 967 4718 unklar.
