<?xml version="1.0" encoding="UTF-8"?>
<!DOCTYPE html PUBLIC "-//W3C//DTD XHTML 1.0 Transitional//EN"
    "http://www.w3.org/TR/xhtml1/DTD/xhtml1-transitional.dtd">
<html xmlns="http://www.w3.org/1999/xhtml" xml:lang="en" lang="en">
 <head>
  <title>
</title>
<meta http-equiv="Content-Type" content="text/html;charset=utf-8" />
  <meta name='ocr-system' content='tesseract 3.04.00' />
  <meta name='ocr-capabilities' content='ocr_page ocr_carea ocr_par ocr_line ocrx_word'/>
</head>
<body>
  <div class='ocr_page' id='page_1' title='image "./diegriechischen03religoog_0192.png"; bbox 0 0 3744 5524; ppageno 0'>
   <div class='ocr_carea' id='block_1_1' title="bbox 335 442 1638 515">
    <p class='ocr_par' dir='ltr' id='par_1_1' title="bbox 335 442 1638 515">
     <span class='ocr_line' id='line_1_1' title="bbox 335 442 1638 515; baseline -0.005 -15"><span class='ocrx_word' id='word_1_1' title='bbox 335 453 373 515; x_wconf 79' lang='lat'><strong><em>88</em></strong></span> <span class='ocrx_word' id='word_1_2' title='bbox 890 443 1078 500; x_wconf 74' lang='lat' dir='ltr'><strong>Adamantius.</strong></span> <span class='ocrx_word' id='word_1_3' title='bbox 1285 444 1326 498; x_wconf 79' lang='lat' dir='ltr'><strong><em>Do</em></strong></span> <span class='ocrx_word' id='word_1_4' title='bbox 1343 442 1372 498; x_wconf 84' lang='lat'><strong><em>17</em></strong></span> <span class='ocrx_word' id='word_1_5' title='bbox 1387 443 1447 497; x_wconf 82' lang='lat' dir='ltr'><strong><em>Rue</em></strong></span> <span class='ocrx_word' id='word_1_6' title='bbox 1464 443 1491 496; x_wconf 91' lang='lat' dir='ltr'><strong><em>II</em></strong></span> <span class='ocrx_word' id='word_1_7' title='bbox 1507 443 1638 504; x_wconf 74' lang='lat'><em>73017-7.</em></span> 
     </span>
    </p>
   </div>
   <div class='ocr_carea' id='block_1_2' title="bbox 260 603 1720 3881">
    <p class='ocr_par' dir='ltr' id='par_1_2' title="bbox 260 603 1720 3881">
     <span class='ocr_line' id='line_1_2' title="bbox 298 603 1639 696; baseline 0.001 -22"><span class='ocrx_word' id='word_1_8' title='bbox 298 615 316 668; x_wconf 90' lang='lat' dir='ltr'>b</span> <span class='ocrx_word' id='word_1_9' title='bbox 418 614 493 677; x_wconf 86' lang='lat' dir='ltr'><strong><em>MK.</em></strong></span> <span class='ocrx_word' id='word_1_10' title='bbox 534 611 599 678; x_wconf 84' lang='grc' dir='ltr'><strong><em>Τὸν</em></strong></span> <span class='ocrx_word' id='word_1_11' title='bbox 614 605 720 695; x_wconf 92' lang='grc' dir='ltr'><strong><em>νόμον</em></strong></span> <span class='ocrx_word' id='word_1_12' title='bbox 735 604 815 690; x_wconf 96' lang='grc' dir='ltr'><strong><em>λύει,</em></strong></span> <span class='ocrx_word' id='word_1_13' title='bbox 838 605 903 696; x_wconf 89' lang='grc' dir='ltr'><strong><em>τήν</em></strong></span> <span class='ocrx_word' id='word_1_14' title='bbox 917 604 1059 678; x_wconf 79' lang='grc' dir='ltr'><strong><em>κόλασιν</em></strong></span> <span class='ocrx_word' id='word_1_15' title='bbox 1074 604 1264 696; x_wconf 81' lang='grc' dir='ltr'><strong><em>άνατρέπει,</em></strong></span> <span class='ocrx_word' id='word_1_16' title='bbox 1286 603 1417 692; x_wconf 85' lang='grc' dir='ltr'><strong><em>άναιρεῖ</em></strong></span> <span class='ocrx_word' id='word_1_17' title='bbox 1437 605 1501 696; x_wconf 89' lang='grc' dir='ltr'><strong><em>τήν</em></strong></span> <span class='ocrx_word' id='word_1_18' title='bbox 1522 615 1639 694; x_wconf 78' lang='grc' dir='ltr'><strong><em>κρίσιν.</em></strong></span> 
     </span>
     <span class='ocr_line' id='line_1_3' title="bbox 417 698 1638 796; baseline -0.001 -20"><span class='ocrx_word' id='word_1_19' title='bbox 417 714 483 777; x_wconf 89' lang='grc' dir='ltr'><strong><em>ΑΔ.</em></strong></span> <span class='ocrx_word' id='word_1_20' title='bbox 520 706 676 795; x_wconf 89' lang='grc' dir='ltr'><strong><em>Μηδενός</em></strong></span> <span class='ocrx_word' id='word_1_21' title='bbox 699 698 762 778; x_wconf 81' lang='grc' dir='ltr'><strong><em>οὖν</em></strong></span> <span class='ocrx_word' id='word_1_22' title='bbox 780 711 898 796; x_wconf 81' lang='grc' dir='ltr'><strong><em>μηκέτι</em></strong></span> <span class='ocrx_word' id='word_1_23' title='bbox 920 711 1253 796; x_wconf 84' lang='grc' dir='ltr'><strong><em>&lt;κολασθησομένου&gt;</em></strong></span> <span class='ocrx_word' id='word_1_24' title='bbox 1275 705 1359 796; x_wconf 89' lang='grc' dir='ltr'><strong><em>μήτε</em></strong></span> <span class='ocrx_word' id='word_1_25' title='bbox 1380 713 1638 796; x_wconf 86' lang='grc' dir='ltr'><strong><em>κριθησομένου,</em></strong></span> 
     </span>
     <span class='ocr_line' id='line_1_4' title="bbox 335 802 1639 896; baseline -0.001 -19"><span class='ocrx_word' id='word_1_26' title='bbox 335 815 387 889; x_wconf 91' lang='grc' dir='ltr'><strong><em>τίς</em></strong></span> <span class='ocrx_word' id='word_1_27' title='bbox 408 812 500 894; x_wconf 90' lang='grc' dir='ltr'><strong><em>χρεία</em></strong></span> <span class='ocrx_word' id='word_1_28' title='bbox 530 803 666 894; x_wconf 81' lang='grc' dir='ltr'><strong><em>φεύγειν</em></strong></span> <span class='ocrx_word' id='word_1_29' title='bbox 696 802 764 877; x_wconf 85' lang='grc' dir='ltr'><strong><em>άπὸ</em></strong></span> <span class='ocrx_word' id='word_1_30' title='bbox 795 813 858 878; x_wconf 90' lang='grc' dir='ltr'><strong><em>τοῦ</em></strong></span> <span class='ocrx_word' id='word_1_31' title='bbox 889 812 1092 896; x_wconf 82' lang='grc' dir='ltr'><strong><em>δημιουργοῦ</em></strong></span> <span class='ocrx_word' id='word_1_32' title='bbox 1117 804 1200 895; x_wconf 90' lang='grc' dir='ltr'><strong><em>μήτε</em></strong></span> <span class='ocrx_word' id='word_1_33' title='bbox 1227 813 1408 893; x_wconf 77' lang='grc' dir='ltr'><strong><em>κρίνοντος</em></strong></span> <span class='ocrx_word' id='word_1_34' title='bbox 1436 803 1521 895; x_wconf 87' lang='grc' dir='ltr'><strong><em>μήτε</em></strong></span> <span class='ocrx_word' id='word_1_35' title='bbox 1548 802 1639 877; x_wconf 80' lang='grc' dir='ltr'><strong><em>ἄπει-</em></strong></span> 
     </span>
     <span class='ocr_line' id='line_1_5' title="bbox 335 901 1638 995; baseline -0.002 -17"><span class='ocrx_word' id='word_1_36' title='bbox 335 913 482 988; x_wconf 88' lang='grc' dir='ltr'><strong><em>λοῦντος</em></strong></span> <span class='ocrx_word' id='word_1_37' title='bbox 501 901 674 992; x_wconf 61' lang='lat'><strong><em>2702657717,¹</em></strong></span> <span class='ocrx_word' id='word_1_38' title='bbox 694 913 751 977; x_wconf 89' lang='grc' dir='ltr'><strong><em>καὶ</em></strong></span> <span class='ocrx_word' id='word_1_39' title='bbox 773 913 849 989; x_wconf 80' lang='grc' dir='ltr'><strong><em>πῶς</em></strong></span> <span class='ocrx_word' id='word_1_40' title='bbox 867 907 918 976; x_wconf 82' lang='grc' dir='ltr'><strong><em>ἔτι</em></strong></span> <span class='ocrx_word' id='word_1_41' title='bbox 933 911 1128 995; x_wconf 72' lang='grc' dir='ltr'><strong><em>λελυμένων</em></strong></span> <span class='ocrx_word' id='word_1_42' title='bbox 1144 903 1294 978; x_wconf 90' lang='grc' dir='ltr'><strong><em>τούτων·</em></strong></span> <span class='ocrx_word' id='word_1_43' title='bbox 1317 901 1407 977; x_wconf 87' lang='grc' dir='ltr'><strong><em>ούαί</em></strong></span> <span class='ocrx_word' id='word_1_44' title='bbox 1429 910 1569 994; x_wconf 81' lang='grc' dir='ltr'><strong><em>ἐκείνῳ</em></strong></span> <span class='ocrx_word' id='word_1_45' title='bbox 1592 901 1638 976; x_wconf 79' lang='grc' dir='ltr'><strong><em>δι’</em></strong></span> 
     </span>
     <span class='ocr_line' id='line_1_6' title="bbox 300 997 1656 1095; baseline -0.002 -17"><span class='ocrx_word' id='word_1_46' title='bbox 300 997 380 1078; x_wconf 84' lang='lat'><strong><em>506</em></strong></span> <span class='ocrx_word' id='word_1_47' title='bbox 403 1005 448 1078; x_wconf 85' lang='grc' dir='ltr'><strong><em>τὸ</em></strong></span> <span class='ocrx_word' id='word_1_48' title='bbox 471 1002 737 1078; x_wconf 80' lang='grc' dir='ltr'><strong><em>σκάνδαλον</em></strong></span> <span class='ocrx_word' id='word_1_49' title='bbox 722 1033 893 1094; x_wconf 90' lang='grc' dir='ltr'><strong><em>ερχεται,·</em></strong></span> <span class='ocrx_word' id='word_1_50' title='bbox 915 1002 1040 1095; x_wconf 82' lang='grc' dir='ltr'><strong><em>ήπῶς</em></strong></span> <span class='ocrx_word' id='word_1_51' title='bbox 1062 1000 1081 1076; x_wconf 90' lang='lat'><em>6</em></span> <span class='ocrx_word' id='word_1_52' title='bbox 1104 1002 1313 1092; x_wconf 80' lang='grc' dir='ltr'><strong><em>ταράσσων</em></strong></span> <span class='ocrx_word' id='word_1_53' title='bbox 1333 1001 1432 1094; x_wconf 78' lang='grc' dir='ltr'><strong><em>ἡμᾶς</em></strong></span> <span class='ocrx_word' id='word_1_54' title='bbox 1453 1002 1656 1089; x_wconf 75' lang='grc' dir='ltr'><strong><em>βαστάσει,</em></strong></span> 
     </span>
     <span class='ocr_line' id='line_1_7' title="bbox 335 1098 783 1194; baseline 0 -18"><span class='ocrx_word' id='word_1_55' title='bbox 335 1104 381 1177; x_wconf 87' lang='grc' dir='ltr'><strong><em>τό</em></strong></span> <span class='ocrx_word' id='word_1_56' title='bbox 402 1113 521 1194; x_wconf 89' lang='grc' dir='ltr'><strong><em>κρίμα</em></strong></span> <span class='ocrx_word' id='word_1_57' title='bbox 543 1098 654 1188; x_wconf 77' lang='grc' dir='ltr'><strong><em>ὅστις</em></strong></span> <span class='ocrx_word' id='word_1_58' title='bbox 677 1135 724 1176; x_wconf 91' lang='grc' dir='ltr'><strong><em>αν</em></strong></span> <span class='ocrx_word' id='word_1_59' title='bbox 745 1131 783 1193; x_wconf 88' lang='grc' dir='ltr'><strong><em>η</em></strong></span> 
     </span>
     <span class='ocr_line' id='line_1_8' title="bbox 417 1201 1193 1295; baseline 0.001 -21"><span class='ocrx_word' id='word_1_60' title='bbox 417 1211 493 1275; x_wconf 87' lang='grc' dir='ltr'><strong><em>ΜΚ</em></strong></span> <span class='ocrx_word' id='word_1_61' title='bbox 540 1203 585 1276; x_wconf 83' lang='grc' dir='ltr'><strong><em>Τά</em></strong></span> <span class='ocrx_word' id='word_1_62' title='bbox 607 1203 851 1295; x_wconf 75' lang='grc' dir='ltr'><strong><em>προστάγματα</em></strong></span> <span class='ocrx_word' id='word_1_63' title='bbox 874 1201 980 1275; x_wconf 87' lang='grc' dir='ltr'><strong><em>αύτου</em></strong></span> <span class='ocrx_word' id='word_1_64' title='bbox 965 1201 1193 1292; x_wconf 75' lang='grc' dir='ltr'><strong><em>’ἀνατρέπει</em></strong></span> 
     </span>
     <span class='ocr_line' id='line_1_9' title="bbox 416 1297 1645 1427; baseline -0.002 -53"><span class='ocrx_word' id='word_1_65' title='bbox 416 1310 483 1374; x_wconf 86' lang='grc' dir='ltr'><strong><em>ΑΔ.</em></strong></span> <span class='ocrx_word' id='word_1_66' title='bbox 530 1311 639 1427; x_wconf 77' lang='grc' dir='ltr'><strong><em>Δήλον</em></strong></span> <span class='ocrx_word' id='word_1_67' title='bbox 666 1297 728 1376; x_wconf 85' lang='grc' dir='ltr'><strong><em>οῦν</em></strong></span> <span class='ocrx_word' id='word_1_68' title='bbox 756 1301 804 1388; x_wconf 67' lang='grc' dir='ltr'><strong><em>οἷς</em></strong></span> <span class='ocrx_word' id='word_1_69' title='bbox 830 1303 873 1375; x_wconf 86' lang='grc' dir='ltr'><strong><em>τά</em></strong></span> <span class='ocrx_word' id='word_1_70' title='bbox 899 1308 1036 1375; x_wconf 76' lang='grc' dir='ltr'><strong><em>ἐναντία</em></strong></span> <span class='ocrx_word' id='word_1_71' title='bbox 1063 1311 1136 1375; x_wconf 83' lang='grc' dir='ltr'><strong><em>τῶν</em></strong></span> <span class='ocrx_word' id='word_1_72' title='bbox 1158 1307 1464 1392; x_wconf 83' lang='grc' dir='ltr'><strong><em>προστεταγμένων</em></strong></span> <span class='ocrx_word' id='word_1_73' title='bbox 1482 1310 1645 1423; x_wconf 87' lang='grc' dir='ltr'><strong><em>γίνεσθαι</em></strong></span> 
     </span>
     <span class='ocr_line' id='line_1_10' title="bbox 334 1399 1638 1492; baseline -0.002 -17"><span class='ocrx_word' id='word_1_74' title='bbox 334 1403 499 1490; x_wconf 79' lang='grc' dir='ltr'><strong><em>βούλεται.</em></strong></span> <span class='ocrx_word' id='word_1_75' title='bbox 542 1400 615 1475; x_wconf 73' lang='grc' dir='ltr'><strong><em>ἄλλ’</em></strong></span> <span class='ocrx_word' id='word_1_76' title='bbox 639 1408 797 1476; x_wconf 88' lang='grc' dir='ltr'><strong><em>έναντίον</em></strong></span> <span class='ocrx_word' id='word_1_77' title='bbox 823 1407 892 1474; x_wconf 82' lang='grc' dir='ltr'><strong><em>έστὶ</em></strong></span> <span class='ocrx_word' id='word_1_78' title='bbox 918 1409 971 1492; x_wconf 81' lang='grc' dir='ltr'><strong><em>τῷ</em></strong></span> <span class='ocrx_word' id='word_1_79' title='bbox 998 1399 1045 1474; x_wconf 86' lang='grc' dir='ltr'><strong><em>ού</em></strong></span> <span class='ocrx_word' id='word_1_80' title='bbox 1069 1401 1291 1492; x_wconf 85' lang='grc' dir='ltr'><strong><em>μοιχεύσεις</em></strong></span> <span class='ocrx_word' id='word_1_81' title='bbox 1313 1401 1354 1472; x_wconf 86' lang='grc' dir='ltr'><strong><em>τὸ</em></strong></span> <span class='ocrx_word' id='word_1_82' title='bbox 1375 1401 1555 1489; x_wconf 88' lang='grc' dir='ltr'><strong><em>μοιχεύειν</em></strong></span> <span class='ocrx_word' id='word_1_83' title='bbox 1586 1410 1638 1492; x_wconf 85' lang='grc' dir='ltr'><strong><em>τῷ</em></strong></span> 
     </span>
     <span class='ocr_line' id='line_1_11' title="bbox 284 1473 1639 1602; baseline -0.001 -27"><span class='ocrx_word' id='word_1_84' title='bbox 284 1523 317 1576; x_wconf 87' lang='grc'><strong><em>10</em></strong></span> <span class='ocrx_word' id='word_1_85' title='bbox 335 1500 381 1574; x_wconf 87' lang='grc' dir='ltr'><strong><em>ού</em></strong></span> <span class='ocrx_word' id='word_1_86' title='bbox 402 1502 616 1591; x_wconf 81' lang='grc' dir='ltr'><strong><em>φονεύσεις</em></strong></span> <span class='ocrx_word' id='word_1_87' title='bbox 638 1501 679 1573; x_wconf 84' lang='grc' dir='ltr'><strong><em>τὸ</em></strong></span> <span class='ocrx_word' id='word_1_88' title='bbox 702 1500 867 1591; x_wconf 83' lang='grc' dir='ltr'><strong><em>φονεύειν,</em></strong></span> <span class='ocrx_word' id='word_1_89' title='bbox 891 1473 1017 1592; x_wconf 81' lang='grc' dir='ltr'><strong><em>δμοίως</em></strong></span> <span class='ocrx_word' id='word_1_90' title='bbox 1039 1507 1074 1573; x_wconf 81' lang='grc' dir='ltr'><strong><em>δέ</em></strong></span> <span class='ocrx_word' id='word_1_91' title='bbox 1096 1510 1153 1575; x_wconf 87' lang='grc' dir='ltr'><strong><em>καὶ</em></strong></span> <span class='ocrx_word' id='word_1_92' title='bbox 1167 1510 1218 1592; x_wconf 79' lang='grc' dir='ltr'><strong><em>τῷ</em></strong></span> <span class='ocrx_word' id='word_1_93' title='bbox 1241 1531 1286 1592; x_wconf 91' lang='grc' dir='ltr'><strong><em>μη</em></strong></span> <span class='ocrx_word' id='word_1_94' title='bbox 1271 1502 1462 1573; x_wconf 84' lang='grc' dir='ltr'><strong><em>κλέπτειν</em></strong></span> <span class='ocrx_word' id='word_1_95' title='bbox 1483 1529 1525 1572; x_wconf 93' lang='grc' dir='ltr'><strong><em>το</em></strong></span> <span class='ocrx_word' id='word_1_96' title='bbox 1511 1499 1639 1602; x_wconf 82' lang='grc' dir='ltr'><strong><em>κλέπ-</em></strong></span> 
     </span>
     <span class='ocr_line' id='line_1_12' title="bbox 335 1593 1639 1722; baseline -0.003 -48"><span class='ocrx_word' id='word_1_97' title='bbox 335 1631 415 1675; x_wconf 90' lang='grc' dir='ltr'><strong><em>τειν.</em></strong></span> <span class='ocrx_word' id='word_1_98' title='bbox 452 1601 540 1684; x_wconf 82' lang='grc' dir='ltr'><strong><em>εἰκός</em></strong></span> <span class='ocrx_word' id='word_1_99' title='bbox 563 1595 625 1674; x_wconf 89' lang='grc' dir='ltr'><strong><em>οῦν</em></strong></span> <span class='ocrx_word' id='word_1_100' title='bbox 647 1599 702 1674; x_wconf 84' lang='grc' dir='ltr'><strong><em>ὅτι</em></strong></span> <span class='ocrx_word' id='word_1_101' title='bbox 723 1610 778 1672; x_wconf 89' lang='grc' dir='ltr'><strong><em>καὶ</em></strong></span> <span class='ocrx_word' id='word_1_102' title='bbox 798 1602 841 1673; x_wconf 91' lang='grc' dir='ltr'><strong><em>τδι</em></strong></span> <span class='ocrx_word' id='word_1_103' title='bbox 864 1601 967 1675; x_wconf 85' lang='grc' dir='ltr'><strong><em>λοιπά</em></strong></span> <span class='ocrx_word' id='word_1_104' title='bbox 983 1597 1219 1692; x_wconf 79' lang='grc' dir='ltr'><strong><em>έντάλματα’</em></strong></span> <span class='ocrx_word' id='word_1_105' title='bbox 1198 1598 1444 1722; x_wconf 74' lang='grc' dir='ltr'><strong><em>ανετράπησαν.</em></strong></span> <span class='ocrx_word' id='word_1_106' title='bbox 1480 1607 1556 1682; x_wconf 83' lang='grc' dir='ltr'><strong><em>πῶς</em></strong></span> <span class='ocrx_word' id='word_1_107' title='bbox 1577 1593 1639 1671; x_wconf 91' lang='grc' dir='ltr'><strong><em>οῦν</em></strong></span> 
     </span>
     <span class='ocr_line' id='line_1_13' title="bbox 301 1696 1640 1822; baseline -0.002 -48"><span class='ocrx_word' id='word_1_108' title='bbox 301 1736 316 1774; x_wconf 87' lang='grc' dir='ltr'><strong><em>ο</em></strong></span> <span class='ocrx_word' id='word_1_109' title='bbox 334 1696 560 1790; x_wconf 67' lang='lat'><em>677707777‘</em></span> <span class='ocrx_word' id='word_1_110' title='bbox 541 1731 560 1771; x_wconf 94' lang='grc' dir='ltr'><strong><em>ο</em></strong></span> <span class='ocrx_word' id='word_1_111' title='bbox 578 1700 773 1790; x_wconf 85' lang='grc' dir='ltr'><strong><em>Χριστὸς</em></strong></span> <span class='ocrx_word' id='word_1_112' title='bbox 737 1730 801 1772; x_wconf 91' lang='grc' dir='ltr'><strong><em>τον</em></strong></span> <span class='ocrx_word' id='word_1_113' title='bbox 817 1697 938 1790; x_wconf 90' lang='grc' dir='ltr'><strong><em>νόμον;</em></strong></span> <span class='ocrx_word' id='word_1_114' title='bbox 960 1707 1096 1790; x_wconf 86' lang='grc' dir='ltr'><strong><em>λεγέτω.</em></strong></span> <span class='ocrx_word' id='word_1_115' title='bbox 1132 1701 1221 1773; x_wconf 91' lang='grc' dir='ltr'><strong><em>έν</em></strong></span> <span class='ocrx_word' id='word_1_116' title='bbox 1183 1730 1247 1822; x_wconf 90' lang='grc' dir='ltr'><strong><em>γαρ</em></strong></span> <span class='ocrx_word' id='word_1_117' title='bbox 1263 1708 1314 1792; x_wconf 83' lang='grc' dir='ltr'><strong><em>τῷ</em></strong></span> <span class='ocrx_word' id='word_1_118' title='bbox 1331 1698 1426 1788; x_wconf 85' lang='grc' dir='ltr'><strong><em>νόμῳ</em></strong></span> <span class='ocrx_word' id='word_1_119' title='bbox 1442 1705 1640 1790; x_wconf 87' lang='grc' dir='ltr'><strong><em>γέγραπται·</em></strong></span> 
     </span>
     <span class='ocr_line' id='line_1_14' title="bbox 334 1797 1641 1892; baseline -0.001 -20"><span class='ocrx_word' id='word_1_120' title='bbox 334 1797 380 1872; x_wconf 88' lang='grc' dir='ltr'><strong><em>ού</em></strong></span> <span class='ocrx_word' id='word_1_121' title='bbox 393 1799 629 1892; x_wconf 86' lang='grc' dir='ltr'><strong><em>μοιχεύσεις</em></strong></span> <span class='ocrx_word' id='word_1_122' title='bbox 653 1830 699 1872; x_wconf 95' lang='grc' dir='ltr'><strong><em>ου</em></strong></span> <span class='ocrx_word' id='word_1_123' title='bbox 690 1797 1116 1892; x_wconf 82' lang='grc' dir='ltr'><strong><em>’ψευδομαρτυρήσεις</em></strong></span> <span class='ocrx_word' id='word_1_124' title='bbox 1130 1800 1238 1871; x_wconf 81' lang='grc' dir='ltr'><strong><em>καὶ</em></strong></span> <span class='ocrx_word' id='word_1_125' title='bbox 1201 1830 1243 1872; x_wconf 90' lang='grc' dir='ltr'><strong><em>τα</em></strong></span> <span class='ocrx_word' id='word_1_126' title='bbox 1259 1801 1341 1891; x_wconf 74' lang='grc' dir='ltr'><strong><em>εξής.</em></strong></span> <span class='ocrx_word' id='word_1_127' title='bbox 1378 1805 1507 1888; x_wconf 84' lang='grc' dir='ltr'><strong><em>λεγέτω</em></strong></span> <span class='ocrx_word' id='word_1_128' title='bbox 1521 1808 1641 1872; x_wconf 88' lang='grc' dir='ltr'><strong><em>τοίνυν</em></strong></span> 
     </span>
     <span class='ocr_line' id='line_1_15' title="bbox 334 1893 1639 1989; baseline -0.001 -18"><span class='ocrx_word' id='word_1_129' title='bbox 334 1910 369 1972; x_wconf 88' lang='grc' dir='ltr'><strong><em>τί</em></strong></span> <span class='ocrx_word' id='word_1_130' title='bbox 390 1900 529 1972; x_wconf 90' lang='grc' dir='ltr'><strong><em>τούτων</em></strong></span> <span class='ocrx_word' id='word_1_131' title='bbox 552 1897 729 1988; x_wconf 83' lang='grc' dir='ltr'><strong><em>άνέτρεψε;</em></strong></span> <span class='ocrx_word' id='word_1_132' title='bbox 755 1908 822 1971; x_wconf 86' lang='grc' dir='ltr'><strong><em>τίνι</em></strong></span> <span class='ocrx_word' id='word_1_133' title='bbox 843 1898 1050 1989; x_wconf 75' lang='grc' dir='ltr'><strong><em>προστάττει</em></strong></span> <span class='ocrx_word' id='word_1_134' title='bbox 1071 1899 1246 1988; x_wconf 88' lang='grc' dir='ltr'><strong><em>μοιχεύειν</em></strong></span> <span class='ocrx_word' id='word_1_135' title='bbox 1271 1893 1309 1983; x_wconf 86' lang='grc' dir='ltr'><strong><em>ός</em></strong></span> <span class='ocrx_word' id='word_1_136' title='bbox 1330 1927 1367 1988; x_wconf 94' lang='grc' dir='ltr'><strong><em>γε</em></strong></span> <span class='ocrx_word' id='word_1_137' title='bbox 1387 1907 1446 1970; x_wconf 89' lang='grc' dir='ltr'><strong><em>καὶ</em></strong></span> <span class='ocrx_word' id='word_1_138' title='bbox 1469 1899 1510 1971; x_wconf 89' lang='grc' dir='ltr'><strong><em>τὸ</em></strong></span> <span class='ocrx_word' id='word_1_139' title='bbox 1531 1897 1639 1989; x_wconf 89' lang='grc' dir='ltr'><strong><em>μόνον</em></strong></span> 
     </span>
     <span class='ocr_line' id='line_1_16' title="bbox 284 1996 1640 2121; baseline 0.004 -57"><span class='ocrx_word' id='word_1_140' title='bbox 284 2011 317 2065; x_wconf 79' lang='grc'><strong><em>15</em></strong></span> <span class='ocrx_word' id='word_1_141' title='bbox 335 2005 418 2071; x_wconf 82' lang='grc' dir='ltr'><strong><em>ἰδεῖν</em></strong></span> <span class='ocrx_word' id='word_1_142' title='bbox 440 1999 526 2087; x_wconf 85' lang='grc' dir='ltr'><strong><em>πρὸς</em></strong></span> <span class='ocrx_word' id='word_1_143' title='bbox 548 1996 780 2086; x_wconf 69' lang='grc' dir='ltr'><strong><em>έπιθυμιάν&lt;</em></strong></span> <span class='ocrx_word' id='word_1_144' title='bbox 752 2029 799 2082; x_wconf 89' lang='grc' dir='ltr'><strong><em>ως</em></strong></span> <span class='ocrx_word' id='word_1_145' title='bbox 821 2008 985 2088; x_wconf 88' lang='grc' dir='ltr'><strong><em>πορνείαν</em></strong></span> <span class='ocrx_word' id='word_1_146' title='bbox 1000 1997 1173 2121; x_wconf 53' lang='grc' dir='ltr'><strong><em>ἀπείρηκα</em></strong></span> <span class='ocrx_word' id='word_1_147' title='bbox 1195 2008 1271 2071; x_wconf 88' lang='grc' dir='ltr'><strong><em>τίνα</em></strong></span> <span class='ocrx_word' id='word_1_148' title='bbox 1293 1997 1454 2086; x_wconf 87' lang='grc' dir='ltr'><strong><em>φονεύειν</em></strong></span> <span class='ocrx_word' id='word_1_149' title='bbox 1469 2003 1640 2071; x_wconf 76' lang='grc' dir='ltr'><strong><em>ἐκέλευσεν</em></strong></span> 
     </span>
     <span class='ocr_line' id='line_1_17' title="bbox 336 2093 1640 2189; baseline 0.001 -20"><span class='ocrx_word' id='word_1_150' title='bbox 336 2093 354 2169; x_wconf 88' lang='lat'><em>6</em></span> <span class='ocrx_word' id='word_1_151' title='bbox 378 2103 486 2187; x_wconf 90' lang='grc' dir='ltr'><strong><em>λέγων</em></strong></span> <span class='ocrx_word' id='word_1_152' title='bbox 506 2096 632 2188; x_wconf 70' lang='grc' dir='ltr'><strong><em>μήδε’</em></strong></span> <span class='ocrx_word' id='word_1_153' title='bbox 611 2104 808 2187; x_wconf 85' lang='grc' dir='ltr'><strong><em>αντιστήναι</em></strong></span> <span class='ocrx_word' id='word_1_154' title='bbox 829 2106 880 2188; x_wconf 81' lang='grc' dir='ltr'><strong><em>τῷ</em></strong></span> <span class='ocrx_word' id='word_1_155' title='bbox 902 2105 1044 2188; x_wconf 82' lang='grc' dir='ltr'><strong><em>πονηρῷ</em></strong></span> <span class='ocrx_word' id='word_1_156' title='bbox 1072 2094 1267 2189; x_wconf 82' lang='grc' dir='ltr'><strong><em>άνθροίπῳ;</em></strong></span> <span class='ocrx_word' id='word_1_157' title='bbox 1296 2107 1374 2170; x_wconf 91' lang='grc' dir='ltr'><strong><em>τίνα</em></strong></span> <span class='ocrx_word' id='word_1_158' title='bbox 1396 2105 1556 2170; x_wconf 86' lang='grc' dir='ltr'><strong><em>κλέπτειν</em></strong></span> <span class='ocrx_word' id='word_1_159' title='bbox 1577 2102 1640 2170; x_wconf 79' lang='grc' dir='ltr'><strong><em>ἐδί-</em></strong></span> 
     </span>
     <span class='ocr_line' id='line_1_18' title="bbox 335 2193 1639 2289; baseline -0.002 -19"><span class='ocrx_word' id='word_1_160' title='bbox 335 2206 434 2285; x_wconf 81' lang='grc' dir='ltr'><strong><em>δαξεν</em></strong></span> <span class='ocrx_word' id='word_1_161' title='bbox 465 2193 484 2268; x_wconf 89' lang='lat'><em>6</em></span> <span class='ocrx_word' id='word_1_162' title='bbox 514 2198 629 2288; x_wconf 90' lang='grc' dir='ltr'><strong><em>σωτήρ</em></strong></span> <span class='ocrx_word' id='word_1_163' title='bbox 656 2202 711 2270; x_wconf 80' lang='grc' dir='ltr'><strong><em>ἵνα</em></strong></span> <span class='ocrx_word' id='word_1_164' title='bbox 742 2194 932 2286; x_wconf 79' lang='grc' dir='ltr'><strong><em>άντιπράξη</em></strong></span> <span class='ocrx_word' id='word_1_165' title='bbox 964 2205 1015 2289; x_wconf 81' lang='grc' dir='ltr'><strong><em>τῷ</em></strong></span> <span class='ocrx_word' id='word_1_166' title='bbox 1046 2196 1333 2287; x_wconf 66' lang='grc' dir='ltr'><strong><em>νομοθετήσαντα</em></strong></span> <span class='ocrx_word' id='word_1_167' title='bbox 1363 2205 1474 2271; x_wconf 89' lang='grc' dir='ltr'><strong><em>ταῦτα</em></strong></span> <span class='ocrx_word' id='word_1_168' title='bbox 1502 2197 1565 2287; x_wconf 83' lang='grc' dir='ltr'><strong><em>γάρ</em></strong></span> <span class='ocrx_word' id='word_1_169' title='bbox 1596 2197 1639 2268; x_wconf 86' lang='grc' dir='ltr'><strong><em>τά</em></strong></span> 
     </span>
     <span class='ocr_line' id='line_1_19' title="bbox 334 2293 1640 2387; baseline -0.002 -19"><span class='ocrx_word' id='word_1_170' title='bbox 334 2295 576 2387; x_wconf 88' lang='grc' dir='ltr'><strong><em>προστάγματα</em></strong></span> <span class='ocrx_word' id='word_1_171' title='bbox 599 2305 661 2369; x_wconf 89' lang='grc' dir='ltr'><strong><em>τοῦ</em></strong></span> <span class='ocrx_word' id='word_1_172' title='bbox 683 2303 837 2387; x_wconf 89' lang='grc' dir='ltr'><strong><em>σωτήρος</em></strong></span> <span class='ocrx_word' id='word_1_173' title='bbox 859 2293 922 2368; x_wconf 89' lang='grc' dir='ltr'><strong><em>οῦκ</em></strong></span> <span class='ocrx_word' id='word_1_174' title='bbox 944 2300 1003 2368; x_wconf 87' lang='grc' dir='ltr'><strong><em>είσί</em></strong></span> <span class='ocrx_word' id='word_1_175' title='bbox 1026 2303 1118 2383; x_wconf 80' lang='grc' dir='ltr'><strong><em>ξένα,</em></strong></span> <span class='ocrx_word' id='word_1_176' title='bbox 1147 2294 1221 2370; x_wconf 78' lang='grc' dir='ltr'><strong><em>ἀλλ’</em></strong></span> <span class='ocrx_word' id='word_1_177' title='bbox 1244 2303 1280 2369; x_wconf 89' lang='grc' dir='ltr'><strong><em>έκ</em></strong></span> <span class='ocrx_word' id='word_1_178' title='bbox 1303 2296 1410 2383; x_wconf 89' lang='grc' dir='ltr'><strong><em>νόμου</em></strong></span> <span class='ocrx_word' id='word_1_179' title='bbox 1430 2304 1485 2370; x_wconf 81' lang='grc' dir='ltr'><strong><em>καί</em></strong></span> <span class='ocrx_word' id='word_1_180' title='bbox 1506 2323 1640 2385; x_wconf 89' lang='grc' dir='ltr'><strong><em>προφη-</em></strong></span> 
     </span>
     <span class='ocr_line' id='line_1_20' title="bbox 335 2391 1638 2488; baseline -0.002 -20"><span class='ocrx_word' id='word_1_181' title='bbox 335 2405 418 2469; x_wconf 81' lang='grc' dir='ltr'><strong><em>τῶν.</em></strong></span> <span class='ocrx_word' id='word_1_182' title='bbox 455 2395 574 2485; x_wconf 88' lang='grc' dir='ltr'><strong><em>φάσκει</em></strong></span> <span class='ocrx_word' id='word_1_183' title='bbox 590 2399 651 2486; x_wconf 86' lang='grc' dir='ltr'><strong><em>γάρ</em></strong></span> <span class='ocrx_word' id='word_1_184' title='bbox 667 2391 685 2468; x_wconf 88' lang='lat'><em>6</em></span> <span class='ocrx_word' id='word_1_185' title='bbox 701 2395 828 2488; x_wconf 92' lang='grc' dir='ltr'><strong><em>σωτήρ·</em></strong></span> <span class='ocrx_word' id='word_1_186' title='bbox 850 2398 926 2487; x_wconf 82' lang='grc' dir='ltr'><strong><em>έγδι</em></strong></span> <span class='ocrx_word' id='word_1_187' title='bbox 949 2404 990 2468; x_wconf 77' lang='grc' dir='ltr'><strong><em>δὲ</em></strong></span> <span class='ocrx_word' id='word_1_188' title='bbox 1012 2404 1114 2487; x_wconf 88' lang='grc' dir='ltr'><strong><em>λέγω</em></strong></span> <span class='ocrx_word' id='word_1_189' title='bbox 1137 2395 1227 2481; x_wconf 87' lang='grc' dir='ltr'><strong><em>ύμῖν</em></strong></span> <span class='ocrx_word' id='word_1_190' title='bbox 1248 2397 1298 2487; x_wconf 90' lang='grc' dir='ltr'><strong><em>μή</em></strong></span> <span class='ocrx_word' id='word_1_191' title='bbox 1320 2395 1560 2486; x_wconf 86' lang='grc' dir='ltr'><strong><em>άντιστήναι</em></strong></span> <span class='ocrx_word' id='word_1_192' title='bbox 1583 2403 1638 2485; x_wconf 83' lang='grc' dir='ltr'><strong><em>τῷ</em></strong></span> 
     </span>
     <span class='ocr_line' id='line_1_21' title="bbox 262 2494 1640 2587; baseline -0.001 -19"><span class='ocrx_word' id='word_1_193' title='bbox 262 2512 316 2568; x_wconf 82' lang='lat'><em>7011</em></span> <span class='ocrx_word' id='word_1_194' title='bbox 333 2503 511 2587; x_wconf 82' lang='grc' dir='ltr'><strong><em>πονηρῷ,</em></strong></span> <span class='ocrx_word' id='word_1_195' title='bbox 534 2503 697 2584; x_wconf 88' lang='grc' dir='ltr'><strong><em>λέγοντος</em></strong></span> <span class='ocrx_word' id='word_1_196' title='bbox 712 2503 775 2568; x_wconf 91' lang='grc' dir='ltr'><strong><em>τοῦ</em></strong></span> <span class='ocrx_word' id='word_1_197' title='bbox 789 2503 938 2569; x_wconf 87' lang='grc' dir='ltr'><strong><em>παλαιοῦ</em></strong></span> <span class='ocrx_word' id='word_1_198' title='bbox 958 2494 1164 2586; x_wconf 86' lang='grc' dir='ltr'><strong><em>γράμματος·</em></strong></span> <span class='ocrx_word' id='word_1_199' title='bbox 1186 2502 1328 2569; x_wconf 84' lang='grc' dir='ltr'><strong><em>εἴπατε</em></strong></span> <span class='ocrx_word' id='word_1_200' title='bbox 1348 2515 1435 2579; x_wconf 89' lang='grc' dir='ltr'><strong><em>τοῖς</em></strong></span> <span class='ocrx_word' id='word_1_201' title='bbox 1454 2500 1640 2584; x_wconf 82' lang='grc' dir='ltr'><strong><em>μισοῦσιν</em></strong></span> 
     </span>
     <span class='ocr_line' id='line_1_22' title="bbox 332 2591 1638 2686; baseline -0.001 -20"><span class='ocrx_word' id='word_1_202' title='bbox 332 2592 430 2685; x_wconf 83' lang='grc' dir='ltr'><strong><em>ῦμῦς</em></strong></span> <span class='ocrx_word' id='word_1_203' title='bbox 464 2602 527 2666; x_wconf 83' lang='grc' dir='ltr'><strong><em>καί</em></strong></span> <span class='ocrx_word' id='word_1_204' title='bbox 562 2602 906 2686; x_wconf 88' lang='grc' dir='ltr'><strong><em>βδελυσσσμένοις·</em></strong></span> <span class='ocrx_word' id='word_1_205' title='bbox 942 2591 1111 2684; x_wconf 82' lang='grc' dir='ltr'><strong><em>άδελφοὶ</em></strong></span> <span class='ocrx_word' id='word_1_206' title='bbox 1145 2593 1255 2686; x_wconf 81' lang='grc' dir='ltr'><strong><em>ήμῶν</em></strong></span> <span class='ocrx_word' id='word_1_207' title='bbox 1294 2601 1390 2669; x_wconf 89' lang='grc' dir='ltr'><strong><em>έστε.</em></strong></span> <span class='ocrx_word' id='word_1_208' title='bbox 1434 2601 1497 2668; x_wconf 89' lang='grc' dir='ltr'><strong><em>τοῦ</em></strong></span> <span class='ocrx_word' id='word_1_209' title='bbox 1531 2592 1638 2684; x_wconf 91' lang='grc' dir='ltr'><strong><em>νόμου</em></strong></span> 
     </span>
     <span class='ocr_line' id='line_1_23' title="bbox 332 2691 1637 2786; baseline -0.001 -19"><span class='ocrx_word' id='word_1_210' title='bbox 332 2693 437 2768; x_wconf 88' lang='grc' dir='ltr'><strong><em>πάλιν</em></strong></span> <span class='ocrx_word' id='word_1_211' title='bbox 464 2702 639 2785; x_wconf 77' lang='grc' dir='ltr'><strong><em>λέγοντος</em></strong></span> <span class='ocrx_word' id='word_1_212' title='bbox 670 2695 721 2786; x_wconf 89' lang='grc' dir='ltr'><strong><em>μή</em></strong></span> <span class='ocrx_word' id='word_1_213' title='bbox 747 2701 909 2784; x_wconf 81' lang='grc' dir='ltr'><strong><em>κλέψῃς,</em></strong></span> <span class='ocrx_word' id='word_1_214' title='bbox 941 2691 960 2768; x_wconf 90' lang='lat'><em>6</em></span> <span class='ocrx_word' id='word_1_215' title='bbox 992 2694 1107 2786; x_wconf 85' lang='grc' dir='ltr'><strong><em>σωτὴρ</em></strong></span> <span class='ocrx_word' id='word_1_216' title='bbox 1136 2699 1239 2785; x_wconf 80' lang='grc' dir='ltr'><strong><em>ἔλεγε·</em></strong></span> <span class='ocrx_word' id='word_1_217' title='bbox 1269 2693 1459 2784; x_wconf 78' lang='grc' dir='ltr'><strong><em>πώλησόν</em></strong></span> <span class='ocrx_word' id='word_1_218' title='bbox 1489 2718 1560 2767; x_wconf 92' lang='grc' dir='ltr'><strong><em>σου</em></strong></span> <span class='ocrx_word' id='word_1_219' title='bbox 1589 2693 1637 2766; x_wconf 82' lang='grc' dir='ltr'><strong><em>τά</em></strong></span> 
     </span>
     <span class='ocr_line' id='line_1_24' title="bbox 332 2790 1720 2917; baseline -0.001 -52"><span class='ocrx_word' id='word_1_220' title='bbox 332 2790 564 2885; x_wconf 87' lang='grc' dir='ltr'><strong><em>ύπάρχοντα</em></strong></span> <span class='ocrx_word' id='word_1_221' title='bbox 594 2801 659 2866; x_wconf 89' lang='grc' dir='ltr'><strong><em>καί</em></strong></span> <span class='ocrx_word' id='word_1_222' title='bbox 689 2795 757 2878; x_wconf 89' lang='grc' dir='ltr'><strong><em>δδς</em></strong></span> <span class='ocrx_word' id='word_1_223' title='bbox 787 2815 971 2917; x_wconf 82' lang='grc' dir='ltr'><strong><em>πτωχοῖς.</em></strong></span> <span class='ocrx_word' id='word_1_224' title='bbox 1013 2793 1055 2866; x_wconf 89' lang='grc' dir='ltr'><strong><em>τὸ</em></strong></span> <span class='ocrx_word' id='word_1_225' title='bbox 1087 2801 1122 2866; x_wconf 88' lang='grc' dir='ltr'><strong><em>δε</em></strong></span> <span class='ocrx_word' id='word_1_226' title='bbox 1153 2792 1283 2868; x_wconf 89' lang='grc' dir='ltr'><strong><em>διδόναι</em></strong></span> <span class='ocrx_word' id='word_1_227' title='bbox 1314 2815 1387 2878; x_wconf 89' lang='grc' dir='ltr'><strong><em>τοῖς</em></strong></span> <span class='ocrx_word' id='word_1_228' title='bbox 1417 2813 1569 2883; x_wconf 80' lang='grc' dir='ltr'><strong><em>πτωχοῖς</em></strong></span> <span class='ocrx_word' id='word_1_229' title='bbox 1598 2790 1639 2868; x_wconf 87' lang='grc' dir='ltr'><strong><em>οῦ</em></strong></span> <span class='ocrx_word' id='word_1_230' title='bbox 1712 2807 1720 2816; x_wconf 83' lang='grc'>’</span> 
     </span>
     <span class='ocr_line' id='line_1_25' title="bbox 333 2891 1639 2996; baseline 0 -30"><span class='ocrx_word' id='word_1_231' title='bbox 333 2902 431 2982; x_wconf 79' lang='grc' dir='ltr'><strong><em>ξένον</em></strong></span> <span class='ocrx_word' id='word_1_232' title='bbox 457 2900 527 2967; x_wconf 87' lang='grc' dir='ltr'><strong><em>έστι</em></strong></span> <span class='ocrx_word' id='word_1_233' title='bbox 554 2901 706 2984; x_wconf 89' lang='grc' dir='ltr'><strong><em>δίδαγμα,</em></strong></span> <span class='ocrx_word' id='word_1_234' title='bbox 738 2891 811 2996; x_wconf 75' lang='grc' dir='ltr'><strong><em>ἀλλ’</em></strong></span> <span class='ocrx_word' id='word_1_235' title='bbox 832 2900 933 2966; x_wconf 86' lang='grc' dir='ltr'><strong><em>έκ”</em></strong></span> <span class='ocrx_word' id='word_1_236' title='bbox 892 2925 954 2984; x_wconf 90' lang='grc' dir='ltr'><strong><em>της</em></strong></span> <span class='ocrx_word' id='word_1_237' title='bbox 975 2902 1121 2978; x_wconf 83' lang='grc' dir='ltr'><strong><em>παλαιᾶς</em></strong></span> <span class='ocrx_word' id='word_1_238' title='bbox 1147 2893 1311 2986; x_wconf 78' lang='grc' dir='ltr'><strong><em>διαθήκης</em></strong></span> <span class='ocrx_word' id='word_1_239' title='bbox 1332 2901 1639 2984; x_wconf 84' lang='grc' dir='ltr'><strong><em>προστεταγμένον.</em></strong></span> 
     </span>
     <span class='ocr_line' id='line_1_26' title="bbox 281 2987 1639 3118; baseline 0.001 -55"><span class='ocrx_word' id='word_1_240' title='bbox 281 3010 315 3064; x_wconf 82' lang='lat'><strong><em>25</em></strong></span> <span class='ocrx_word' id='word_1_241' title='bbox 332 2995 382 3085; x_wconf 85' lang='grc' dir='ltr'><strong><em>μή</em></strong></span> <span class='ocrx_word' id='word_1_242' title='bbox 408 2992 576 3084; x_wconf 79' lang='grc' dir='ltr'><strong><em>άπόσχγγ,</em></strong></span> <span class='ocrx_word' id='word_1_243' title='bbox 608 3003 720 3117; x_wconf 86' lang='grc' dir='ltr'><strong><em>φησίν,</em></strong></span> <span class='ocrx_word' id='word_1_244' title='bbox 751 2987 791 3065; x_wconf 90' lang='grc' dir='ltr'><strong><em>εῦ</em></strong></span> <span class='ocrx_word' id='word_1_245' title='bbox 817 3012 949 3066; x_wconf 80' lang='grc' dir='ltr'><strong><em>ποιεῖν</em></strong></span> <span class='ocrx_word' id='word_1_246' title='bbox 976 2999 1089 3085; x_wconf 86' lang='grc' dir='ltr'><strong><em>ένδεή</em></strong></span> <span class='ocrx_word' id='word_1_247' title='bbox 1115 2990 1277 3084; x_wconf 74' lang='grc' dir='ltr'><strong><em>ήνίκα”</em></strong></span> <span class='ocrx_word' id='word_1_248' title='bbox 1258 3023 1305 3066; x_wconf 94' lang='grc' dir='ltr'><strong><em>αν</em></strong></span> <span class='ocrx_word' id='word_1_249' title='bbox 1326 2992 1346 3118; x_wconf 82' lang='grc' dir='ltr'><strong><em>ή</em></strong></span> <span class='ocrx_word' id='word_1_250' title='bbox 1370 3003 1470 3116; x_wconf 84' lang='grc' dir='ltr'><strong><em>χείρ</em></strong></span> <span class='ocrx_word' id='word_1_251' title='bbox 1477 3018 1548 3067; x_wconf 93' lang='grc' dir='ltr'><strong><em>σου</em></strong></span> <span class='ocrx_word' id='word_1_252' title='bbox 1572 2996 1639 3083; x_wconf 78' lang='grc' dir='ltr'><strong><em>ἔχη</em></strong></span> 
     </span>
     <span class='ocr_line' id='line_1_27' title="bbox 333 3090 1639 3184; baseline 0.002 -18"><span class='ocrx_word' id='word_1_253' title='bbox 333 3104 514 3183; x_wconf 83' lang='grc' dir='ltr'><strong><em>βοηθεῖν,</em></strong></span> <span class='ocrx_word' id='word_1_254' title='bbox 536 3101 591 3166; x_wconf 86' lang='grc' dir='ltr'><strong><em>καί</em></strong></span> <span class='ocrx_word' id='word_1_255' title='bbox 611 3093 653 3166; x_wconf 87' lang='grc' dir='ltr'><strong><em>τὸ</em></strong></span> <span class='ocrx_word' id='word_1_256' title='bbox 675 3092 855 3183; x_wconf 82' lang='grc' dir='ltr'><strong><em>ἄγαπᾶτε</em></strong></span> <span class='ocrx_word' id='word_1_257' title='bbox 875 3094 969 3177; x_wconf 89' lang='grc' dir='ltr'><strong><em>τούς</em></strong></span> <span class='ocrx_word' id='word_1_258' title='bbox 989 3090 1198 3182; x_wconf 71' lang='grc' dir='ltr'><strong><em>ἐχθρούςι</em></strong></span> <span class='ocrx_word' id='word_1_259' title='bbox 1178 3102 1301 3183; x_wconf 81' lang='grc' dir='ltr'><strong><em>υμῶν,</em></strong></span> <span class='ocrx_word' id='word_1_260' title='bbox 1323 3093 1391 3166; x_wconf 86' lang='grc' dir='ltr'><strong><em>ύκό</em></strong></span> <span class='ocrx_word' id='word_1_261' title='bbox 1407 3101 1470 3166; x_wconf 89' lang='grc' dir='ltr'><strong><em>τοῦ</em></strong></span> <span class='ocrx_word' id='word_1_262' title='bbox 1484 3100 1639 3184; x_wconf 81' lang='grc' dir='ltr'><strong><em>σωτῆρος</em></strong></span> 
     </span>
     <span class='ocr_line' id='line_1_28' title="bbox 333 3189 1639 3284; baseline -0.001 -19"><span class='ocrx_word' id='word_1_263' title='bbox 333 3190 518 3284; x_wconf 91' lang='grc' dir='ltr'><strong><em>λεγόμενον</em></strong></span> <span class='ocrx_word' id='word_1_264' title='bbox 540 3190 602 3265; x_wconf 87' lang='grc' dir='ltr'><strong><em>οῦκ</em></strong></span> <span class='ocrx_word' id='word_1_265' title='bbox 624 3197 694 3266; x_wconf 83' lang='grc' dir='ltr'><strong><em>ἔστι</em></strong></span> <span class='ocrx_word' id='word_1_266' title='bbox 716 3199 823 3281; x_wconf 77' lang='grc' dir='ltr'><strong><em>ξένον,</em></strong></span> <span class='ocrx_word' id='word_1_267' title='bbox 846 3189 921 3266; x_wconf 78' lang='grc' dir='ltr'><strong><em>ἄλλ’</em></strong></span> <span class='ocrx_word' id='word_1_268' title='bbox 943 3197 980 3264; x_wconf 88' lang='grc' dir='ltr'><strong><em>έν</em></strong></span> <span class='ocrx_word' id='word_1_269' title='bbox 1000 3212 1073 3277; x_wconf 90' lang='grc' dir='ltr'><strong><em>τοῖς</em></strong></span> <span class='ocrx_word' id='word_1_270' title='bbox 1087 3191 1281 3281; x_wconf 88' lang='grc' dir='ltr'><strong><em>προφήταις</em></strong></span> <span class='ocrx_word' id='word_1_271' title='bbox 1297 3199 1548 3282; x_wconf 87' lang='grc' dir='ltr'><strong><em>διεσταλμένον·</em></strong></span> <span class='ocrx_word' id='word_1_272' title='bbox 1570 3194 1639 3266; x_wconf 83' lang='grc' dir='ltr'><strong><em>ἐὰν</em></strong></span> 
     </span>
     <span class='ocr_line' id='line_1_29' title="bbox 331 3289 1640 3387; baseline -0.001 -23"><span class='ocrx_word' id='word_1_273' title='bbox 331 3300 451 3387; x_wconf 80' lang='grc' dir='ltr'><strong><em>πεινᾷ</em></strong></span> <span class='ocrx_word' id='word_1_274' title='bbox 477 3289 496 3364; x_wconf 91' lang='lat'><em>6</em></span> <span class='ocrx_word' id='word_1_275' title='bbox 523 3290 667 3382; x_wconf 80' lang='grc' dir='ltr'><strong><em>ἐχθρός</em></strong></span> <span class='ocrx_word' id='word_1_276' title='bbox 694 3319 776 3378; x_wconf 90' lang='grc' dir='ltr'><strong><em>σου,</em></strong></span> <span class='ocrx_word' id='word_1_277' title='bbox 808 3294 961 3383; x_wconf 81' lang='grc' dir='ltr'><strong><em>ψώμιζε</em></strong></span> <span class='ocrx_word' id='word_1_278' title='bbox 992 3289 1130 3377; x_wconf 78' lang='grc' dir='ltr'><strong><em>αὐτόν,</em></strong></span> <span class='ocrx_word' id='word_1_279' title='bbox 1167 3302 1232 3363; x_wconf 84' lang='grc' dir='ltr'><strong><em>καὶ</em></strong></span> <span class='ocrx_word' id='word_1_280' title='bbox 1262 3291 1330 3364; x_wconf 80' lang='grc' dir='ltr'><strong><em>ἐὰν</em></strong></span> <span class='ocrx_word' id='word_1_281' title='bbox 1360 3298 1469 3386; x_wconf 80' lang='grc' dir='ltr'><strong><em>διψᾷ,</em></strong></span> <span class='ocrx_word' id='word_1_282' title='bbox 1500 3293 1640 3380; x_wconf 77' lang='grc' dir='ltr'><strong><em>πότιζε</em></strong></span> 
     </span>
     <span class='ocr_line' id='line_1_30' title="bbox 333 3390 1640 3484; baseline 0.001 -20"><span class='ocrx_word' id='word_1_283' title='bbox 333 3390 464 3466; x_wconf 87' lang='grc' dir='ltr'><strong><em>αῦτόν.</em></strong></span> <span class='ocrx_word' id='word_1_284' title='bbox 500 3399 556 3464; x_wconf 85' lang='grc' dir='ltr'><strong><em>καί</em></strong></span> <span class='ocrx_word' id='word_1_285' title='bbox 578 3399 611 3464; x_wconf 89' lang='grc' dir='ltr'><strong><em>τί</em></strong></span> <span class='ocrx_word' id='word_1_286' title='bbox 633 3399 684 3463; x_wconf 93' lang='grc' dir='ltr'><strong><em>δεῖ</em></strong></span> <span class='ocrx_word' id='word_1_287' title='bbox 701 3391 860 3482; x_wconf 86' lang='grc' dir='ltr'><strong><em>μηκύνειν</em></strong></span> <span class='ocrx_word' id='word_1_288' title='bbox 882 3391 945 3464; x_wconf 86' lang='grc' dir='ltr'><strong><em>τὸν</em></strong></span> <span class='ocrx_word' id='word_1_289' title='bbox 968 3390 1087 3481; x_wconf 90' lang='grc' dir='ltr'><strong><em>λόγον;</em></strong></span> <span class='ocrx_word' id='word_1_290' title='bbox 1114 3399 1272 3482; x_wconf 83' lang='grc' dir='ltr'><strong><em>φανερῶς</em></strong></span> <span class='ocrx_word' id='word_1_291' title='bbox 1295 3399 1377 3483; x_wconf 89' lang='grc' dir='ltr'><strong><em>γοῦν</em></strong></span> <span class='ocrx_word' id='word_1_292' title='bbox 1399 3399 1464 3466; x_wconf 92' lang='grc' dir='ltr'><strong><em>τοῦ</em></strong></span> <span class='ocrx_word' id='word_1_293' title='bbox 1486 3400 1640 3484; x_wconf 82' lang='grc' dir='ltr'><strong><em>σωτῆρος</em></strong></span> 
     </span>
     <span class='ocr_line' id='line_1_31' title="bbox 260 3485 1447 3581; baseline 0.003 -20"><span class='ocrx_word' id='word_1_294' title='bbox 260 3507 314 3561; x_wconf 86' lang='grc' dir='ltr'><strong><em>3οε</em></strong></span> <span class='ocrx_word' id='word_1_295' title='bbox 332 3499 509 3581; x_wconf 82' lang='grc' dir='ltr'><strong><em>πληρῶσαι</em></strong></span> <span class='ocrx_word' id='word_1_296' title='bbox 531 3489 700 3574; x_wconf 79' lang='grc' dir='ltr'><strong><em>ἐλθόντος</em></strong></span> <span class='ocrx_word' id='word_1_297' title='bbox 722 3490 786 3564; x_wconf 87' lang='grc' dir='ltr'><strong><em>τὸν</em></strong></span> <span class='ocrx_word' id='word_1_298' title='bbox 809 3491 925 3581; x_wconf 84' lang='grc' dir='ltr'><strong><em>νόμον,</em></strong></span> <span class='ocrx_word' id='word_1_299' title='bbox 948 3485 1047 3565; x_wconf 87' lang='grc' dir='ltr'><strong><em>οῦτοι</em></strong></span> <span class='ocrx_word' id='word_1_300' title='bbox 1068 3493 1252 3565; x_wconf 89' lang='grc' dir='ltr'><strong><em>καταλύειν</em></strong></span> <span class='ocrx_word' id='word_1_301' title='bbox 1273 3490 1447 3580; x_wconf 90' lang='grc' dir='ltr'><strong><em>φάσκουσι.</em></strong></span> 
     </span>
     <span class='ocr_line' id='line_1_32' title="bbox 415 3585 1640 3683; baseline 0.002 -23"><span class='ocrx_word' id='word_1_302' title='bbox 415 3600 491 3662; x_wconf 88' lang='grc' dir='ltr'><strong><em>ΜΚ.</em></strong></span> <span class='ocrx_word' id='word_1_303' title='bbox 532 3597 638 3664; x_wconf 86' lang='grc' dir='ltr'><strong><em>Τοῦτο</em></strong></span> <span class='ocrx_word' id='word_1_304' title='bbox 659 3593 691 3661; x_wconf 88' lang='grc' dir='ltr'><strong><em>σί</em></strong></span> <span class='ocrx_word' id='word_1_305' title='bbox 710 3587 905 3664; x_wconf 79' lang='grc' dir='ltr'><strong><em>Ἰουδαῖσταὶ</em></strong></span> <span class='ocrx_word' id='word_1_306' title='bbox 924 3594 1085 3682; x_wconf 84' lang='grc' dir='ltr'><strong><em>ἔγραψαν,</em></strong></span> <span class='ocrx_word' id='word_1_307' title='bbox 1108 3590 1150 3663; x_wconf 86' lang='grc' dir='ltr'><strong><em>τὸ</em></strong></span> <span class='ocrx_word' id='word_1_308' title='bbox 1173 3589 1244 3665; x_wconf 85' lang='grc' dir='ltr'><strong><em>ούκ</em></strong></span> <span class='ocrx_word' id='word_1_309' title='bbox 1266 3585 1396 3683; x_wconf 82' lang='grc' dir='ltr'><strong><em>ἦλθον</em></strong></span> <span class='ocrx_word' id='word_1_310' title='bbox 1417 3597 1640 3664; x_wconf 90' lang='grc' dir='ltr'><strong><em>καταλῦσαι</em></strong></span> 
     </span>
     <span class='ocr_line' id='line_1_33' title="bbox 332 3685 1640 3781; baseline 0.002 -21"><span class='ocrx_word' id='word_1_311' title='bbox 332 3688 406 3761; x_wconf 85' lang='grc' dir='ltr'><strong><em>τόν</em></strong></span> <span class='ocrx_word' id='word_1_312' title='bbox 428 3687 552 3772; x_wconf 90' lang='grc' dir='ltr'><strong><em>νόμον</em></strong></span> <span class='ocrx_word' id='word_1_313' title='bbox 574 3687 676 3778; x_wconf 85' lang='grc' dir='ltr'><strong><em>άλλά</em></strong></span> <span class='ocrx_word' id='word_1_314' title='bbox 698 3700 916 3781; x_wconf 82' lang='grc' dir='ltr'><strong><em>πληρῶσαι·</em></strong></span> <span class='ocrx_word' id='word_1_315' title='bbox 939 3689 1000 3781; x_wconf 78' lang='grc' dir='ltr'><strong><em>οὐχ</em></strong></span> <span class='ocrx_word' id='word_1_316' title='bbox 1022 3685 1134 3775; x_wconf 85' lang='grc' dir='ltr'><strong><em>οῦτως</em></strong></span> <span class='ocrx_word' id='word_1_317' title='bbox 1155 3697 1191 3763; x_wconf 78' lang='grc' dir='ltr'><strong><em>δέ</em></strong></span> <span class='ocrx_word' id='word_1_318' title='bbox 1213 3693 1307 3763; x_wconf 84' lang='grc' dir='ltr'><strong><em>είπεν</em></strong></span> <span class='ocrx_word' id='word_1_319' title='bbox 1329 3686 1349 3762; x_wconf 91' lang='lat'><em>6</em></span> <span class='ocrx_word' id='word_1_320' title='bbox 1372 3690 1529 3780; x_wconf 86' lang='grc' dir='ltr'><strong><em>Χριστός,</em></strong></span> <span class='ocrx_word' id='word_1_321' title='bbox 1552 3696 1640 3780; x_wconf 88' lang='grc' dir='ltr'><strong><em>λέγει</em></strong></span> 
     </span>
     <span class='ocr_line' id='line_1_34' title="bbox 333 3783 1501 3881; baseline 0 -20"><span class='ocrx_word' id='word_1_322' title='bbox 333 3787 408 3879; x_wconf 90' lang='grc' dir='ltr'><strong><em>γάρ</em></strong></span> <span class='ocrx_word' id='word_1_323' title='bbox 430 3786 500 3861; x_wconf 84' lang='grc' dir='ltr'><strong><em>οῦκ</em></strong></span> <span class='ocrx_word' id='word_1_324' title='bbox 522 3783 654 3881; x_wconf 87' lang='grc' dir='ltr'><strong><em>ήλθον</em></strong></span> <span class='ocrx_word' id='word_1_325' title='bbox 675 3799 885 3881; x_wconf 83' lang='grc' dir='ltr'><strong><em>πληρῶσαι</em></strong></span> <span class='ocrx_word' id='word_1_326' title='bbox 908 3790 980 3862; x_wconf 86' lang='grc' dir='ltr'><strong><em>τόν</em></strong></span> <span class='ocrx_word' id='word_1_327' title='bbox 1001 3789 1127 3881; x_wconf 92' lang='grc' dir='ltr'><strong><em>νόμον</em></strong></span> <span class='ocrx_word' id='word_1_328' title='bbox 1149 3789 1249 3863; x_wconf 86' lang='grc' dir='ltr'><strong><em>άλλά</em></strong></span> <span class='ocrx_word' id='word_1_329' title='bbox 1270 3799 1501 3865; x_wconf 90' lang='grc' dir='ltr'><strong><em>καταλῦσαι.</em></strong></span> 
     </span>
    </p>
   </div>
   <div class='ocr_carea' id='block_1_3' title="bbox 332 3911 1641 4153">
    <p class='ocr_par' dir='ltr' id='par_1_3' title="bbox 332 3911 1641 4153">
     <span class='ocr_line' id='line_1_35' title="bbox 416 3911 1641 3983; baseline 0 -15"><span class='ocrx_word' id='word_1_330' title='bbox 416 3911 1641 3983; x_wconf 66' lang='lat'><em>717]1171727-777]771.5.10.-7]17]7107702177-17]1777=77.-</em></span> 
     </span>
     <span class='ocr_line' id='line_1_36' title="bbox 332 3996 1641 4136; baseline -0.002 -84"><span class='ocrx_word' id='word_1_331' title='bbox 332 3996 434 4136; x_wconf 56' lang='lat'><em>777771]</em></span> <span class='ocrx_word' id='word_1_332' title='bbox 452 3997 506 4051; x_wconf 68' lang='lat'><strong><em>17.</em></strong></span> <span class='ocrx_word' id='word_1_333' title='bbox 518 3999 563 4053; x_wconf 87' lang='lat'><strong><em>77.</em></strong></span> <span class='ocrx_word' id='word_1_334' title='bbox 576 4001 656 4054; x_wconf 88' lang='lat'><strong><em>5-</em></strong></span> <span class='ocrx_word' id='word_1_335' title='bbox 623 3997 777 4067; x_wconf 85' lang='lat'><em>-77]77]</em></span> <span class='ocrx_word' id='word_1_336' title='bbox 796 3997 846 4052; x_wconf 78' lang='grc' dir='ltr'><strong><em>ιιι.</em></strong></span> <span class='ocrx_word' id='word_1_337' title='bbox 860 4001 904 4054; x_wconf 90' lang='lat'><strong><em>19.</em></strong></span> <span class='ocrx_word' id='word_1_338' title='bbox 917 3998 1015 4053; x_wconf 90' lang='lat'><em>71.-</em></span> <span class='ocrx_word' id='word_1_339' title='bbox 1039 3997 1089 4067; x_wconf 84' lang='lat'><strong><em>77]</em></strong></span> <span class='ocrx_word' id='word_1_340' title='bbox 1107 3998 1186 4052; x_wconf 63' lang='grc' dir='ltr'><strong><em>τοι.</em></strong></span> <span class='ocrx_word' id='word_1_341' title='bbox 1199 3998 1228 4052; x_wconf 83' lang='lat'><strong><em>7:</em></strong></span> <span class='ocrx_word' id='word_1_342' title='bbox 1241 3998 1282 4053; x_wconf 90' lang='lat'><strong><em>77.</em></strong></span> <span class='ocrx_word' id='word_1_343' title='bbox 1303 4029 1336 4036; x_wconf 93' lang='lat'>-</span> <span class='ocrx_word' id='word_1_344' title='bbox 1355 3997 1405 4068; x_wconf 87' lang='lat'><strong><em>77]</em></strong></span> <span class='ocrx_word' id='word_1_345' title='bbox 1423 3997 1513 4054; x_wconf 77' lang='lat'><em>1117:</em></span> <span class='ocrx_word' id='word_1_346' title='bbox 1526 4001 1572 4064; x_wconf 83' lang='grc' dir='ltr'><strong><em>ιι,</em></strong></span> <span class='ocrx_word' id='word_1_347' title='bbox 1596 3997 1641 4050; x_wconf 69' lang='grc' dir='ltr'><strong><em>τε</em></strong></span> 
     </span>
     <span class='ocr_line' id='line_1_37' title="bbox 393 4081 1157 4153; baseline -0.003 -16.952"><span class='ocrx_word' id='word_1_348' title='bbox 393 4083 468 4136; x_wconf 84' lang='grc' dir='ltr'><strong><em>ι.-</em></strong></span> <span class='ocrx_word' id='word_1_349' title='bbox 486 4081 610 4152; x_wconf 88' lang='lat'><em>77-77]</em></span> <span class='ocrx_word' id='word_1_350' title='bbox 629 4082 711 4137; x_wconf 67' lang='lat'><em>1707.</em></span> <span class='ocrx_word' id='word_1_351' title='bbox 723 4083 768 4138; x_wconf 87' lang='lat'><strong><em>77:</em></strong></span> <span class='ocrx_word' id='word_1_352' title='bbox 781 4083 822 4138; x_wconf 90' lang='lat'><strong><em>71.</em></strong></span> <span class='ocrx_word' id='word_1_353' title='bbox 840 4114 873 4122; x_wconf 86' lang='lat'><em>-</em></span> <span class='ocrx_word' id='word_1_354' title='bbox 892 4083 993 4153; x_wconf 78' lang='grc' dir='ltr'><strong><em>ειμι]</em></strong></span> <span class='ocrx_word' id='word_1_355' title='bbox 1012 4082 1157 4138; x_wconf 69' lang='lat'><em>1117217.</em></span> 
     </span>
    </p>
   </div>
   <div class='ocr_carea' id='block_1_4' title="bbox 329 4181 1643 4676">
    <p class='ocr_par' dir='ltr' id='par_1_4' title="bbox 329 4181 1643 4676">
     <span class='ocr_line' id='line_1_38' title="bbox 415 4181 1642 4254; baseline -0.001 -17"><span class='ocrx_word' id='word_1_356' title='bbox 415 4183 434 4238; x_wconf 82' lang='lat'><strong><em>7</em></strong></span> <span class='ocrx_word' id='word_1_357' title='bbox 452 4181 708 4254; x_wconf 87' lang='grc' dir='ltr'><strong><em>κολασθησομένου</em></strong></span> <span class='ocrx_word' id='word_1_358' title='bbox 726 4193 758 4243; x_wconf 94' lang='grc'>&lt;</span> <span class='ocrx_word' id='word_1_359' title='bbox 776 4183 802 4238; x_wconf 86' lang='lat' dir='ltr'><strong><em>d.</em></strong></span> <span class='ocrx_word' id='word_1_360' title='bbox 820 4183 903 4250; x_wconf 67' lang='lat'><em>1177,</em></span> <span class='ocrx_word' id='word_1_361' title='bbox 923 4183 1026 4254; x_wconf 77' lang='lat' dir='ltr'><strong>jedooh</strong></span> <span class='ocrx_word' id='word_1_362' title='bbox 1049 4201 1122 4238; x_wconf 72' lang='lat' dir='ltr'>muse</span> <span class='ocrx_word' id='word_1_363' title='bbox 1144 4183 1285 4238; x_wconf 73' lang='lat' dir='ltr'>entweder</span> <span class='ocrx_word' id='word_1_364' title='bbox 1307 4183 1394 4238; x_wconf 73' lang='lat' dir='ltr'>dieses</span> <span class='ocrx_word' id='word_1_365' title='bbox 1416 4183 1482 4238; x_wconf 82' lang='lat' dir='ltr'><strong>oder</strong></span> <span class='ocrx_word' id='word_1_366' title='bbox 1504 4183 1549 4239; x_wconf 83' lang='lat' dir='ltr'><strong><em>ein</em></strong></span> <span class='ocrx_word' id='word_1_367' title='bbox 1573 4184 1642 4238; x_wconf 63' lang='lat' dir='ltr'>lhu-</span> 
     </span>
     <span class='ocr_line' id='line_1_39' title="bbox 330 4261 1641 4339; baseline 0.001 -17"><span class='ocrx_word' id='word_1_368' title='bbox 330 4268 417 4323; x_wconf 81' lang='lat' dir='ltr'><strong>liches</strong></span> <span class='ocrx_word' id='word_1_369' title='bbox 439 4267 707 4339; x_wconf 73' lang='lat' dir='ltr'><em>P17p.7usgofallen</em></span> <span class='ocrx_word' id='word_1_370' title='bbox 730 4269 788 4323; x_wconf 80' lang='lat' dir='ltr'>sein</span> <span class='ocrx_word' id='word_1_371' title='bbox 811 4270 815 4338; x_wconf 94' lang='grc' dir='ltr'>Ι</span> <span class='ocrx_word' id='word_1_372' title='bbox 840 4270 859 4326; x_wconf 81' lang='grc'>8</span> <span class='ocrx_word' id='word_1_373' title='bbox 882 4264 922 4334; x_wconf 76' lang='grc' dir='ltr'><strong><em>ίος</em></strong></span> <span class='ocrx_word' id='word_1_374' title='bbox 943 4268 990 4339; x_wconf 86' lang='grc' dir='ltr'><strong><em>τὰ]</em></strong></span> <span class='ocrx_word' id='word_1_375' title='bbox 1012 4261 1088 4325; x_wconf 83' lang='grc' dir='ltr'><strong><em>ὥστε</em></strong></span> <span class='ocrx_word' id='word_1_376' title='bbox 1106 4268 1132 4323; x_wconf 91' lang='lat' dir='ltr'><strong><em>d.</em></strong></span> <span class='ocrx_word' id='word_1_377' title='bbox 1151 4269 1221 4322; x_wconf 87' lang='lat' dir='ltr'><em>HSS.</em></span> <span class='ocrx_word' id='word_1_378' title='bbox 1246 4269 1250 4337; x_wconf 94' lang='grc' dir='ltr'>Ι</span> <span class='ocrx_word' id='word_1_379' title='bbox 1276 4269 1315 4324; x_wconf 87' lang='grc'><strong><em>10</em></strong></span> <span class='ocrx_word' id='word_1_380' title='bbox 1336 4274 1377 4324; x_wconf 84' lang='grc' dir='ltr'><strong><em>τῶ</em></strong></span> <span class='ocrx_word' id='word_1_381' title='bbox 1398 4265 1528 4324; x_wconf 84' lang='grc' dir='ltr'><strong><em>κλέπτειν</em></strong></span> <span class='ocrx_word' id='word_1_382' title='bbox 1551 4266 1584 4324; x_wconf 84' lang='grc' dir='ltr'><strong><em>ιδ</em></strong></span> <span class='ocrx_word' id='word_1_383' title='bbox 1602 4269 1641 4336; x_wconf 77' lang='grc' dir='ltr'><strong><em>μὴ</em></strong></span> 
     </span>
     <span class='ocr_line' id='line_1_40' title="bbox 329 4349 1641 4423; baseline -0.001 -15"><span class='ocrx_word' id='word_1_384' title='bbox 329 4352 460 4408; x_wconf 84' lang='grc' dir='ltr'><strong><em>κλέπτειν</em></strong></span> <span class='ocrx_word' id='word_1_385' title='bbox 472 4351 501 4418; x_wconf 86' lang='lat' dir='ltr'><strong><em>F,</em></strong></span> <span class='ocrx_word' id='word_1_386' title='bbox 518 4359 558 4407; x_wconf 85' lang='grc' dir='ltr'><strong><em>τῶ</em></strong></span> <span class='ocrx_word' id='word_1_387' title='bbox 577 4355 615 4422; x_wconf 79' lang='grc' dir='ltr'><strong><em>μή</em></strong></span> <span class='ocrx_word' id='word_1_388' title='bbox 633 4351 763 4408; x_wconf 85' lang='grc' dir='ltr'><strong><em>κλέπτειν</em></strong></span> <span class='ocrx_word' id='word_1_389' title='bbox 775 4359 814 4408; x_wconf 84' lang='grc' dir='ltr'><strong><em>τῶ</em></strong></span> <span class='ocrx_word' id='word_1_390' title='bbox 831 4355 872 4423; x_wconf 78' lang='grc' dir='ltr'><strong><em>μὴ</em></strong></span> <span class='ocrx_word' id='word_1_391' title='bbox 883 4351 1013 4409; x_wconf 85' lang='grc' dir='ltr'><strong><em>κλέπτειν</em></strong></span> <span class='ocrx_word' id='word_1_392' title='bbox 1025 4354 1069 4420; x_wconf 88' lang='lat' dir='ltr'><strong><em>B¹,</em></strong></span> <span class='ocrx_word' id='word_1_393' title='bbox 1087 4351 1121 4409; x_wconf 83' lang='lat'><strong><em>76</em></strong></span> <span class='ocrx_word' id='word_1_394' title='bbox 1133 4351 1264 4409; x_wconf 86' lang='grc' dir='ltr'><strong><em>κλέπτειν</em></strong></span> <span class='ocrx_word' id='word_1_395' title='bbox 1276 4359 1317 4407; x_wconf 82' lang='grc' dir='ltr'><strong><em>τῶ</em></strong></span> <span class='ocrx_word' id='word_1_396' title='bbox 1329 4354 1367 4420; x_wconf 75' lang='grc' dir='ltr'><strong><em>μὴ</em></strong></span> <span class='ocrx_word' id='word_1_397' title='bbox 1379 4349 1509 4409; x_wconf 84' lang='grc' dir='ltr'><strong><em>κλέπτειν</em></strong></span> <span class='ocrx_word' id='word_1_398' title='bbox 1522 4354 1548 4408; x_wconf 91' lang='lat' dir='ltr'><strong><em>d.</em></strong></span> <span class='ocrx_word' id='word_1_399' title='bbox 1560 4354 1620 4408; x_wconf 79' lang='lat' dir='ltr'><strong><em>flbr.</em></strong></span> <span class='ocrx_word' id='word_1_400' title='bbox 1638 4354 1641 4422; x_wconf 65' lang='grc' dir='ltr'><strong><em>λ</em></strong></span> 
     </span>
     <span class='ocr_line' id='line_1_41' title="bbox 332 4436 1643 4509; baseline -0.001 -16"><span class='ocrx_word' id='word_1_401' title='bbox 332 4437 368 4493; x_wconf 77' lang='lat'><strong><em>17</em></strong></span> <span class='ocrx_word' id='word_1_402' title='bbox 385 4437 446 4492; x_wconf 79' lang='lat' dir='ltr'><strong><em>Rus.</em></strong></span> <span class='ocrx_word' id='word_1_403' title='bbox 465 4437 573 4492; x_wconf 76' lang='lat' dir='ltr'><strong>soheint</strong></span> <span class='ocrx_word' id='word_1_404' title='bbox 590 4457 639 4494; x_wconf 90' lang='lat' dir='ltr'><strong><em>vor</em></strong></span> <span class='ocrx_word' id='word_1_405' title='bbox 657 4436 692 4494; x_wconf 81' lang='grc' dir='ltr'><strong><em>ού</em></strong></span> <span class='ocrx_word' id='word_1_406' title='bbox 708 4436 879 4507; x_wconf 77' lang='grc' dir='ltr'><strong><em>μοιχεύσειςι</em></strong></span> <span class='ocrx_word' id='word_1_407' title='bbox 898 4436 933 4493; x_wconf 80' lang='grc' dir='ltr'><strong><em>ού</em></strong></span> <span class='ocrx_word' id='word_1_408' title='bbox 951 4437 1099 4506; x_wconf 81' lang='grc' dir='ltr'><strong><em>φονεύσεις</em></strong></span> <span class='ocrx_word' id='word_1_409' title='bbox 1115 4437 1226 4509; x_wconf 77' lang='lat' dir='ltr'>gelesen</span> <span class='ocrx_word' id='word_1_410' title='bbox 1245 4456 1279 4492; x_wconf 86' lang='lat' dir='ltr'><strong><em>zu</em></strong></span> <span class='ocrx_word' id='word_1_411' title='bbox 1296 4436 1400 4499; x_wconf 80' lang='lat' dir='ltr'>haben,</span> <span class='ocrx_word' id='word_1_412' title='bbox 1423 4437 1482 4492; x_wconf 86' lang='lat' dir='ltr'><strong><em>und</em></strong></span> <span class='ocrx_word' id='word_1_413' title='bbox 1501 4437 1643 4493; x_wconf 65' lang='lat' dir='ltr'>vielleicht</span> 
     </span>
     <span class='ocr_line' id='line_1_42' title="bbox 330 4516 1642 4595; baseline 0.002 -20"><span class='ocrx_word' id='word_1_414' title='bbox 330 4521 368 4576; x_wconf 81' lang='lat' dir='ltr'><strong><em>ist</em></strong></span> <span class='ocrx_word' id='word_1_415' title='bbox 385 4521 433 4576; x_wconf 74' lang='lat' dir='ltr'><strong><em>das</em></strong></span> <span class='ocrx_word' id='word_1_416' title='bbox 451 4521 496 4577; x_wconf 81' lang='lat' dir='ltr'><strong><em>die</em></strong></span> <span class='ocrx_word' id='word_1_417' title='bbox 512 4522 630 4592; x_wconf 76' lang='lat' dir='ltr'><strong>richtige</strong></span> <span class='ocrx_word' id='word_1_418' title='bbox 646 4523 700 4576; x_wconf 73' lang='lat' dir='ltr'><strong><em>LA.</em></strong></span> <span class='ocrx_word' id='word_1_419' title='bbox 718 4522 776 4590; x_wconf 77' lang='lat'><strong><em>]15</em></strong></span> <span class='ocrx_word' id='word_1_420' title='bbox 795 4517 835 4587; x_wconf 81' lang='grc' dir='ltr'><strong><em>ίυς</em></strong></span> <span class='ocrx_word' id='word_1_421' title='bbox 853 4522 999 4595; x_wconf 87' lang='grc' dir='ltr'><strong><em>πορνείαν]</em></strong></span> <span class='ocrx_word' id='word_1_422' title='bbox 1018 4524 1067 4578; x_wconf 88' lang='grc' dir='ltr'><strong><em>καί</em></strong></span> <span class='ocrx_word' id='word_1_423' title='bbox 1085 4539 1113 4578; x_wconf 88' lang='grc' dir='ltr'><strong><em>π.</em></strong></span> <span class='ocrx_word' id='word_1_424' title='bbox 1127 4521 1205 4588; x_wconf 79' lang='grc' dir='ltr'><strong><em>ΟΒΕ,</em></strong></span> <span class='ocrx_word' id='word_1_425' title='bbox 1223 4516 1264 4587; x_wconf 82' lang='grc' dir='ltr'><strong><em>ίυς</em></strong></span> <span class='ocrx_word' id='word_1_426' title='bbox 1281 4531 1314 4581; x_wconf 98' lang='grc'>&lt;</span> <span class='ocrx_word' id='word_1_427' title='bbox 1331 4522 1355 4576; x_wconf 91' lang='grc' dir='ltr'>Β</span> <span class='ocrx_word' id='word_1_428' title='bbox 1371 4523 1374 4588; x_wconf 94' lang='grc' dir='ltr'>Ι</span> <span class='ocrx_word' id='word_1_429' title='bbox 1390 4521 1431 4577; x_wconf 77' lang='lat'><strong><em>75</em></strong></span> <span class='ocrx_word' id='word_1_430' title='bbox 1449 4519 1481 4576; x_wconf 79' lang='grc' dir='ltr'><strong><em>εὖ</em></strong></span> <span class='ocrx_word' id='word_1_431' title='bbox 1498 4529 1592 4578; x_wconf 84' lang='grc' dir='ltr'><strong><em>ποιεῖν</em></strong></span> <span class='ocrx_word' id='word_1_432' title='bbox 1610 4523 1642 4588; x_wconf 88' lang='grc' dir='ltr'><strong><em>Ι),</em></strong></span> 
     </span>
     <span class='ocr_line' id='line_1_43' title="bbox 330 4600 1363 4676; baseline -0.003 -14"><span class='ocrx_word' id='word_1_433' title='bbox 330 4603 455 4662; x_wconf 80' lang='grc' dir='ltr'><strong><em>εὐποιεῖν</em></strong></span> <span class='ocrx_word' id='word_1_434' title='bbox 474 4607 499 4662; x_wconf 90' lang='lat' dir='ltr'><strong><em>d.</em></strong></span> <span class='ocrx_word' id='word_1_435' title='bbox 518 4607 576 4661; x_wconf 70' lang='grc' dir='ltr'><strong><em>θον.</em></strong></span> <span class='ocrx_word' id='word_1_436' title='bbox 592 4607 596 4675; x_wconf 95' lang='grc' dir='ltr'>Ι</span> <span class='ocrx_word' id='word_1_437' title='bbox 612 4601 671 4676; x_wconf 80' lang='grc' dir='ltr'><strong><em>έχει</em></strong></span> <span class='ocrx_word' id='word_1_438' title='bbox 688 4607 711 4661; x_wconf 92' lang='grc' dir='ltr'>Β</span> <span class='ocrx_word' id='word_1_439' title='bbox 727 4609 731 4674; x_wconf 97' lang='grc' dir='ltr'>Ι</span> <span class='ocrx_word' id='word_1_440' title='bbox 747 4607 785 4663; x_wconf 80' lang='lat'><strong><em>27</em></strong></span> <span class='ocrx_word' id='word_1_441' title='bbox 806 4602 858 4662; x_wconf 77' lang='grc' dir='ltr'><strong><em>οῦκ</em></strong></span> <span class='ocrx_word' id='word_1_442' title='bbox 876 4600 934 4662; x_wconf 78' lang='grc' dir='ltr'><strong><em>ἔστι</em></strong></span> <span class='ocrx_word' id='word_1_443' title='bbox 952 4605 1045 4662; x_wconf 75' lang='grc' dir='ltr'><strong><em>ΑΟΚΗ</em></strong></span> <span class='ocrx_word' id='word_1_444' title='bbox 1063 4606 1128 4670; x_wconf 76' lang='lat' dir='ltr'><strong><em>Pio.</em></strong></span> <span class='ocrx_word' id='word_1_445' title='bbox 1147 4604 1241 4662; x_wconf 78' lang='grc' dir='ltr'><strong><em>ούκίτι</em></strong></span> <span class='ocrx_word' id='word_1_446' title='bbox 1260 4606 1286 4663; x_wconf 87' lang='lat' dir='ltr'><strong><em>d.</em></strong></span> <span class='ocrx_word' id='word_1_447' title='bbox 1304 4607 1363 4660; x_wconf 72' lang='grc' dir='ltr'><strong><em>θῦε.</em></strong></span> 
     </span>
    </p>
   </div>
   <div class='ocr_carea' id='block_1_5' title="bbox 0 0 1881 5524">
    <p class='ocr_par' dir='ltr' id='par_1_5' title="bbox 0 0 1881 5524">
     <span class='ocr_line' id='line_1_44' title="bbox 0 0 1881 5524; baseline 0 0"><span class='ocrx_word' id='word_1_448' title='bbox 0 0 1881 5524; x_wconf 95' lang='lat' dir='ltr'><strong><em> </em></strong></span> 
     </span>
    </p>
   </div>
  </div>
 </body>
</html>
