3708 5528
199 482 310 554 Caspari
327 483 340 536 1
358 499 380 538 c.
400 483 439 538 16.
460 485 498 538 17.
793 482 901 554 Dialog.
1461 495 1501 557 37

199 653 315 716 debant
334 654 374 715 ad
389 649 556 730 Christum,
576 651 739 716 dicebatur
760 651 813 716 eis·
827 656 862 718 ut
883 655 1055 718 secundum
1077 652 1171 718 fidem
1192 653 1306 718 mentis
1327 675 1402 719 suae
1424 653 1501 719 reci·
1556 729 1561 740 ι

198 756 316 834 perant
331 751 425 817 etiam
439 751 517 817 istos
533 752 713 835 aprophcta
727 755 899 817 secundum
913 753 1026 817 mentis
1041 775 1115 818 suae
1129 753 1326 836 propositum
1339 753 1502 836 recepisse,

199 853 316 935 quippe
341 852 369 916 si
391 855 520 921 constat.
538 852 633 916 etiam
659 850 837 933 apostolum
859 851 962 916 dicere
989 854 1074 936 quod
1095 874 1114 915 a
1135 851 1260 919 Christo
1286 852 1504 937 unusquisque

199 955 381 1033 recepturus
402 951 443 1014 sit
463 949 684 1035 prout'gessit‚
705 949 771 1015 siue
792 948 884 1030 bona,
906 951 974 1016 siue
994 952 1087 1016 mala.

164 1834 181 1887 5
282 1850 308 1894 c.
327 1827 448 1898 XVII.
482 1835 556 1909 Meo.
577 1833 616 1894 d:
646 1828 776 1896 Creator
801 1835 877 1896 deus
898 1830 1059 1896 nesciebat
1084 1831 1140 1894 ubi
1162 1834 1243 1895 esset
1264 1829 1375 1896 Adam.
1416 1830 1504 1896 Dicit

199 1928 294 1993 enim:
317 1933 422 2006 Adora,
437 1931 490 1992 aba·
503 1934 556 1992 ea?
578 1929 720 1996 Christus
735 1935 840 1996 autem
856 1931 950 1996 etiarn
965 1928 1172 2014 cogitationes
1186 1929 1348 1996 hominum
1363 1935 1502 1996 nouerat

280 2033 335 2092 Ad.
356 2033 396 2093 d:
426 2026 591 2103 Quomodo
618 2047 692 2112 ergo
719 2033 751 2094 ct
777 2029 920 2095 Christus
948 2028 1025 2094 dicit
1050 2031 1088 2100 de
1113 2027 1242 2095 Lazaro:
1275 2033 1332 2094 Ubi
1354 2036 1504 2112 pocenaria

197 2131 287 2191 mm?
317 2126 378 2191 nisi
400 2126 475 2209 quia
496 2131 528 2191 et
548 2127 615 2211 ipsc
636 2127 804 2214 ignorabat
824 2130 880 2195 ubi
901 2132 983 2194 esset
1004 2129 1152 2211 positus·

282 2231 353 2307 May.
375 2230 414 2291 d:
444 2223 519 2290 Non
546 2231 593 2292 est
620 2229 772 2312 scriptum
798 2229 844 2296 sic
873 2230 907 2293 in
937 2233 1044 2294 nostro
1072 2227 1249 2312 euangelio,
1279 2232 1310 2292 et
1336 2229 1397 2295 scis
1427 2229 1503 2312 quia

146 2338 180 2392 10
197 2325 369 2409 promisisti
390 2328 428 2389 de
450 2331 558 2394 nostro
580 2328 745 2413 euangelio
766 2333 798 2394 te
820 2329 897 2413 quid
919 2328 996 2393 dicis
1018 2331 1189 2393 ostendere.

280 2430 334 2490 Ad.
355 2430 395 2490 d:
426 2425 507 2502 Quia
531 2427 592 2492 hoo
620 2450 684 2492 non
714 2428 775 2508 uis,
806 2431 964 2511 quomodo
995 2428 1169 2510 interrogat
1194 2423 1282 2493 Iesus
1305 2431 1503 2500 daemonem:

201 2530 286 2600 Quod
316 2530 368 2590 tibi
396 2547 505 2590 nomen
533 2532 598 2590 aar?
625 2526 669 2592 Et
688 2527 743 2592 ille
769 2527 942 2611 respondit:
971 2531 1069 2608 Legio.
1119 2523 1239 2610 Utique
1269 2532 1440 2592 secundum
1469 2532 1503 2592 te

196 2626 356 2690 nesciebat
378 2629 410 2689 ct
430 2629 596 2708 propterea
616 2626 839 2710 interrogabat

278 2731 351 2806 Meo.
373 2729 412 2791 ct:
441 2723 513 2790 Hoc
533 2748 598 2791 non
619 2730 667 2792 est
687 2726 799 2792 simile.

146 2834 179 2888 15
280 2830 364 2890 Eatr.
379 2830 419 2890 d:
445 2823 624 2910 Utrumque
646 2825 725 2890 mibi
745 2825 871 2892 uidetur
892 2829 932 2890 ed
952 2824 1164 2909 ignorantiam
1185 2823 1348 2906 pertinere,
1371 2829 1403 2888 et
1422 2823 1504 2888 illud

197 2927 283 3007 qnod
304 2926 422 2989 dictum
444 2928 503 2989 est:
538 2929 595 2988 Ubi
614 2931 667 2990 aa?
693 2930 724 2990 et
744 2927 805 2992 hoo
820 2928 905 3010 quod
928 2925 1059 2990 dictum:
1092 2928 1177 2998 Quod
1198 2927 1250 2988 tibi
1269 2947 1378 2988 nomen
1399 2929 1463 2988 eat?

280 3029 334 3088 Ad.
355 3029 395 3089 d:
417 3021 493 3088 Non
515 3025 605 3107 quasi
625 3027 823 3109 interrogans
845 3025 932 3090 Deus
954 3024 1044 3090 dixit:
1067 3028 1172 3102 Adam,
1193 3029 1246 3088 uti
1265 3029 1319 3088 aa?
1341 3025 1396 3088 sed
1418 3044 1503 3090 com·

196 3145 323 3189 monera
345 3145 416 3189 eum
442 3123 552 3189 uolens
577 3123 611 3189 in
638 3147 701 3208 qua
723 3125 918 3190 beatitudine
940 3124 1035 3190 fuerit
1055 3128 1127 3189 anta
1148 3123 1450 3207 praeuaricationem
1472 3127 1504 3188 et

197 3225 229 3287 in
255 3228 404 3309 quantam
430 3245 514 3288 nunc
540 3224 757 3289 confusionem
779 3247 818 3290 ex
847 3223 1116 3308 praeuaricatione
1146 3225 1292 3289 uenisset.
1337 3221 1501 3288 Nudatum

145 3329 180 3384 20
197 3324 313 3408 quippe
336 3345 407 3388 aum
429 3323 550 3388 cunctis
571 3324 742 3390 uirtutibus
764 3323 796 3388 in
819 3324 1066 3390 recordationem
1081 3323 1130 3390 sui
1144 3327 1281 3400 reuocat,
1300 3323 1419 3388 dicens:
1447 3327 1506 3386 Ubi

196 3428 250 3486 ee?
278 3421 351 3487 uide
373 3421 543 3506 inquibus
567 3445 634 3488 eras
656 3423 743 3506 prius
766 3429 797 3488 et
818 3425 850 3488 in
873 3424 988 3508 quibus
1009 3445 1094 3488 nuno
1116 3445 1156 3503 es,
1178 3445 1250 3488 cnm
1271 3422 1392 3488 deliciis
1413 3444 1504 3505 para-

196 3523 256 3586 disi
278 3521 429 3586 excidisti

282 3885 300 3941 2
319 3885 401 3940 etiam
413 3885 481 3942 istos
493 3917 525 3925 -
539 3886 678 3958 recepisse]
697 3886 734 3942 Es
746 3886 828 3942 sollte
841 3886 991 3958 eigentlioh
1010 3887 1108 3942 »etiam
1123 3887 1170 3941 isti
1188 3905 1205 3941 a
1222 3889 1355 3958 propheta
1367 3929 1373 3942 .
1383 3927 1389 3940 .
1400 3927 1423 3943 ..
1436 3886 1502 3940 reci·

197 3973 307 4042 parent«
327 3971 436 4036 sichen,
456 3971 492 4024 da
511 3971 623 4026 »etiam«
644 3973 695 4026 etc.
713 3989 767 4026 von
787 3972 905 4026 ‘Iustum
925 3973 967 4026 est
984 3973 1029 4024 ut«
1050 3971 1193 4042 abbtnglg
1209 3971 1252 4025 ist.
1286 3971 1342 4027 Dar
1359 3969 1503 4034 ommno,

197 4054 260 4109 dass
281 4055 416 4111 awisohen
435 4055 527 4110 diesen
545 4055 601 4111 und
615 4055 700 4126 janen
717 4055 832 4110 Worten
855 4055 917 4111 eine
937 4071 1024 4124 ganza
1041 4056 1126 4110 Raiba
1143 4073 1198 4110 von
1216 4057 1315 4111 Sataen
1332 4057 1390 4109 trat
1405 4083 1439 4094 -
1458 4054 1503 4108 die

197 4139 288 4194 Sabae:
308 4139 555 4209 »quemadmodum
566 4170 598 4180 —
610 4139 776 4210 reciperent«
795 4171 826 4180 -
845 4140 952 4195 scheint
968 4137 1085 4194 bewirkt
1105 4158 1138 4194 zu
1156 4139 1246 4195 haben
1264 4139 1326 4194 dass
1343 4138 1392 4194 der
1407 4126 1502 4192 Ubere.

197 4223 242 4278 die
260 4224 472 4288 Konstrulrtion‚
496 4223 540 4278 die
557 4241 586 4278 er
604 4225 643 4278 im
661 4224 773 4294 Anlang
789 4225 837 4280 der
855 4225 929 4280 Reda
946 4225 985 4278 im
1002 4224 1085 4278 Sinna
1102 4225 1193 4290 batte,
1216 4223 1267 4278 mit
1289 4223 1364 4279 einer
1382 4222 1502 4277 anderen

196 4308 378 4374 remaneatis,
395 4325 477 4363 wenn
495 4307 573 4362 nicht
585 4310 657 4363 etwa
674 4309 722 4363 der
733 4309 803 4363 Text
815 4307 963 4363 fehlerhalt
974 4309 1018 4362 ist.
1037 4337 1069 4346 -
1087 4309 1153 4376 (Der
1163 4308 1233 4362 Text
1244 4307 1280 4362 ist
1292 4307 1390 4379 garrias
1402 4306 1501 4362 lebler·

196 4393 264 4448 hasta
289 4391 438 4448 Viellaioht
450 4411 523 4446 muss
537 4396 596 4447 »ue«
611 4392 681 4447 nach
696 4394 815 4446 »Iustum
827 4393 883 4448 esti
898 4392 1053 4463 gastricben
1065 4392 1183 4447 werden.
1202 4423 1235 4432 —
1248 4393 1281 4462 B)
1296 4394 1300 4458 Ι
1317 4394 1336 4448 Β
1356 4391 1413 4446 »Si«
1428 4391 1502 4456 eod,

198 4477 292 4547 »quia«
305 4476 425 4548 Carpati.
454 4477 590 4548 Unnotig;
608 4475 657 4531 das
677 4478 791 4548 »quippe
803 4478 839 4532 si«
854 4477 930 4531 fflhrt
942 4477 1185 4548 dieBegrtndang
1202 4475 1354 4533 rhetorisob
1370 4474 1423 4531 wia
1441 4475 1502 4531 eine

195 4561 362 4632 Bedingong
378 4560 430 4616 ein.
449 4591 482 4601 -
500 4562 522 4616 B
537 4562 542 4630 1
558 4561 623 4616 God.
641 4560 745 4630 dicire!
761 4563 799 4618 lc
817 4561 884 4616 Cod.
902 4561 992 4616 diecto
1007 4565 1011 4630 l
1027 4561 1066 4616 19
1090 4561 1155 4616 (lod.
1173 4561 1298 4616 Nudatis.
1334 4562 1387 4616 Der
1404 4559 1504 4614 Febler

195 4646 232 4700 ist
249 4645 334 4701 durch
352 4645 471 4700 Einfluss
490 4646 538 4702 dee
556 4646 705 4716 folgenden
725 4645 844 4700 »cunctis
862 4644 1024 4700 uirtutibus«
1044 4645 1219 4700 eatstandan.
