3744 5528
221 480 333 553 Caspari
349 481 389 536 IV
407 498 431 536 c.
447 483 471 538 8.
817 481 925 552 Dialog.
1466 485 1524 546 157

307 655 368 715 Uul.
389 655 429 716 d.:
450 648 624 727 Qualitates
644 651 897 716 substantiarum.
970 647 973 656 '

304 755 359 816 Ad.
379 755 419 816 d.:
446 750 575 834 Semper
596 750 724 816 fuerunt
744 749 824 816 istae
845 749 1013 834 qualitates
1033 749 1067 812 in
1088 748 1226 827 materia,
1252 751 1307 812 aut
1327 747 1452 812 initium
1474 767 1524 811 aa·

221 854 377 934 ceperunt
401 854 435 914 ut
457 855 579 916 essent?

307 955 368 1016 Uul.
392 955 431 1015 d:
453 949 583 1034 Semper
605 951 669 1015 dixi
690 952 787 1016 fuisse
808 949 956 1016 materiae
979 953 1159 1024 coaeternas
1181 947 1358 1031 qualitates.

185 1059 201 1112 5
302 1055 357 1116 Ad.
378 1055 418 1115 d:
444 1048 507 1115 Sed
528 1053 622 1116 deum
644 1050 723 1116 dicis
744 1050 980 1116 conuersionem
1007 1050 1164 1132 quandam
1190 1048 1301 1114 fecisse
1328 1047 1524 1130 qualitatum.

309 1154 370 1214 Uol.
390 1154 429 1215 d:
451 1147 522 1216 Hoc
544 1151 619 1216 dixi.

302 1254 356 1314 Au.
377 1253 417 1314 d:
447 1248 484 1314 ln
505 1249 617 1315 melius
640 1251 796 1316 conuertit
821 1254 898 1315 deus
928 1251 1013 1333 quod
1040 1247 1208 1325 conuertit,
1238 1245 1346 1310 autin
1368 1246 1524 1313 deterius?

307 1353 368 1413 [sal.
390 1353 429 1414 d:
452 1348 581 1415 (lartum
605 1354 651 1414 ast
673 1349 748 1434 quia
769 1351 802 1414 in
823 1349 945 1414 m'elius.

302 1454 357 1513 Ad.
378 1454 416 1514 d:
439 1447 473 1514 si
488 1469 563 1533 ergo
585 1449 669 1514 mala
684 1449 851 1532 qualitates
873 1453 947 1515 sunt
960 1447 1118 1526 materiae,
1141 1446 1429 1531 qualitatesautem
1448 1451 1524 1511 deus

169 1562 202 1616 10
220 1550 376 1613 conuertit
395 1548 430 1612 in
450 1548 575 1627 melius,
601 1552 684 1614 unde
707 1547 770 1614 sint
790 1548 873 1614 mala
894 1551 1055 1632 responde.
1088 1545 1162 1612 Non
1185 1546 1268 1611 enirn
1287 1551 1525 1630 permanserunt

219 1648 298 1713 tales
320 1647 429 1730 quales
452 1670 489 1712 ex
509 1647 600 1713 initio
623 1649 748 1713 fuerant
768 1649 802 1713 in
820 1649 959 1713 materia.
995 1646 1115 1725 Quodsi
1137 1651 1209 1710 ante
1228 1668 1292 1711 non
1314 1650 1402 1710 erant
1415 1645 1523 1724 malae,

220 1750 275 1812 sed
297 1747 464 1832 qualitates
491 1770 529 1812 ex
555 1769 591 1812 eo
619 1750 705 1831 quod
733 1769 901 1813 conuersae
929 1751 1002 1812 sunt
1031 1769 1051 1810 a
1072 1749 1131 1810 deo
1162 1744 1290 1810 effectae
1312 1748 1386 1810 sunt
1415 1744 1524 1824 melae,

219 1868 343 1912 rursum
365 1850 458 1912 deum
480 1847 569 1912 dabis
592 1847 787 1913 conditorem
808 1847 972 1913 malorum.

307 1951 368 2012 Uul.
390 1952 429 2012 d:
450 1945 577 2012 Uideris
598 1947 677 2012 mihi
699 1946 816 2012 oblitus
839 1969 906 2012 esse
930 1969 1037 2013 eorum
1060 1967 1140 2028 quae
1166 1940 1373 2009 aUalentino
1396 1943 1525 2008 definita

171 2057 202 2111 15
220 2050 301 2112 sunt.
336 2047 393 2111 Ait
414 2046 498 2112 anim
523 2048 688 2112 materiam
713 2047 880 2113 informem
908 2068 974 2111 esse
1001 2051 1033 2112 et
1057 2043 1299 2127 incompositam
1325 2046 1357 2108 et
1384 2066 1422 2107 ex
1446 2045 1523 2127 ipsa,

221 2146 249 2210 si
271 2168 333 2230 qua
354 2147 482 2229 quidem
503 2145 633 2212 meliora
654 2146 791 2224 fluerent,
817 2146 1008 2211 conuertisse
1030 2148 1124 2209 deum
1145 2148 1176 2208 et
1198 2143 1383 2223 condidisse,
1404 2143 1525 2228 reliqua

221 2267 296 2310 uero
318 2249 468 2329 tanquam
487 2248 607 2310 faecem
627 2245 661 2310 in
682 2245 794 2310 ultimo
812 2246 964 2310 resedisse
986 2267 1066 2328 quae
1087 2264 1152 2308 non
1170 2243 1359 2308 uidebantur
1380 2249 1453 2326 apta
1472 2243 1525 2308 uel

221 2345 313 2408 utilia
334 2348 374 2409 ad
396 2345 547 2410 fabricam
568 2345 686 2424 mundi,
708 2348 791 2410 unde
804 2345 882 2410 milri
897 2346 1051 2423 uidentur,
1073 2343 1185 2427 inquit,
1208 2342 1321 2408 exoriri
1341 2343 1375 2406 in
1389 2343 1523 2408 homini·

221 2447 280 2509 bus
301 2444 391 2509 mala.

169 2559 202 2612 20
304 2548 357 2610 Ad.
379 2547 419 2609 d:
441 2541 517 2608 Sola
538 2564 618 2627 quae
639 2546 724 2608 bona
745 2543 873 2608 fuerunt
893 2543 1049 2622 materiae,
1075 2543 1153 2607 haec
1171 2541 1248 2606 dieis
1269 2540 1401 2606 uertisse
1420 2543 1521 2620 deum,

219 2642 303 2707 mala
325 2647 430 2708 autem
451 2642 632 2726 reliquisse?

308 2747 369 2808 Uul.
392 2747 432 2808 d:
453 2741 502 2807 Ita
523 2764 556 2807 se
578 2744 680 2807 habet.

301 2847 387 2907 Ereta
409 2848 448 2906 dc
469 2841 572 2908 Ualde
587 2841 665 2906 mihi
679 2840 806 2907 uidetur
822 2841 1051 2925 inconsequens
1067 2843 1099 2904 et
1111 2837 1326 2905 irrationabile
1341 2859 1417 2917 esse,
1439 2840 1525 2920 quod

220 2965 238 3006 a
259 2941 431 3008 Ualentino
453 2940 506 3005 uel
527 2964 545 3005 a
565 2938 701 3006 Ualente
727 2941 921 3024 proponitur.
958 2939 1114 3006 Continuo
1140 2959 1276 3022 namque
1303 2936 1525 3020 requirendum

169 3053 201 3108 25
220 3046 267 3106 est
296 3045 403 3106 utrum
429 3041 554 3119 dicatis,
584 3039 746 3106 uolentem
773 3043 865 3106 deum
890 3041 974 3106 mala
998 3039 1176 3105 interimere
1208 3059 1271 3102 non
1300 3037 1455 3120 potuisse,
1485 3059 1526 3101 an

220 3141 347 3206 omnino
371 3161 430 3205 nec
450 3139 597 3205 uoluisse.
632 3137 724 3206 Etsi
750 3141 877 3224 quidem
905 3139 1016 3206 dicatis
1043 3140 1129 3223 quod
1154 3136 1293 3221 potuerit
1318 3136 1445 3220 quidem
1470 3139 1526 3201 sed

220 3239 364 3318 noluerit,
389 3239 456 3324 ipse
479 3240 538 3304 erit
559 3238 715 3306 malorum
737 3262 831 3306 eausa
852 3239 919 3304 sine
940 3239 1050 3319 dubio,
1075 3238 1129 3322 qui
1151 3259 1223 3303 cum
1247 3236 1403 3320 potuisset
1424 3235 1527 3300 faeere

307 4394 324 4449 1
343 4391 567 4461 substantiarum]
586 4390 652 4446 (lod.
666 4391 822 4446 substantia
838 4392 880 4446 est
894 4391 898 4457 Ι
914 4389 933 4445 4
952 4389 1017 4444 Cod.
1029 4388 1113 4444 fuisse
1125 4389 1191 4451 dixi.
1208 4388 1260 4443 mit
1278 4387 1326 4441 »b«
1345 4405 1372 4441 ιι.
1392 4403 1439 4440 »a«
1459 4385 1526 4440 tiber

222 4479 247 4532 d.
265 4476 365 4533 beiden
383 4477 499 4532 Worten
522 4477 526 4543 1
549 4475 568 4531 d
587 4475 652 4531 (lod.
671 4475 848 4531 conuersione
868 4478 872 4544 Ι
893 4475 957 4530 Cod.
977 4473 1151 4545 qualitatium
1172 4477 1176 4544 l
1197 4473 1235 4530 12
1254 4470 1319 4527 Cod.
1337 4488 1370 4525 ex
1388 4487 1420 4527 eo
1439 4470 1525 4539 quali·

222 4565 304 4629 tates,
324 4562 378 4616 mit
396 4562 444 4616 »b«
464 4561 532 4616 dber
550 4577 615 4615 ›ex‹
634 4578 660 4614 u.
681 4577 726 4616 »a«
746 4559 814 4615 dber
831 4559 979 4629 qualitates
1002 4559 1006 4628 Ι
1031 4560 1066 4616 15
1085 4559 1150 4616 Cod.
1168 4556 1349 4628 incomposita
1372 4558 1376 4624 1
1402 4557 1440 4612 lo
1460 4555 1525 4610 (lod.

222 4665 284 4717 qua,
301 4647 354 4702 mit
370 4647 464 4702 Punlrt
481 4647 548 4700 dber
567 4664 614 4699 »u«
632 4645 636 4713 l
653 4645 693 4701 20
712 4645 776 4700 Cod.
796 4644 871 4700 dicit
890 4675 922 4686 -
935 4645 957 4698 B
973 4647 977 4713 1
993 4645 1031 4700 al
1052 4643 1117 4699 eod.
1136 4641 1304 4712 relinquisae.
1322 4671 1355 4682 -
1368 4641 1399 4695 B.
