3744 5524
226 482 338 555 caspar-i
355 485 382 539 11
399 501 421 540 a
441 487 481 542 19.
498 487 539 544 20.
818 487 926 556 Dielog.
1467 496 1525 558 107

224 657 328 736 Itaque
347 677 434 718 nemo
454 661 596 737 ptora'otur
615 662 650 722 io
669 659 851 724 hominebus.
891 659 1001 722 Omnia
1021 663 1122 718 aestro
1135 663 1215 734 eant,
1236 660 1301 719 siae
1315 660 1440 736 Pontus,
1461 661 1527 722 siae

228 757 349 836 Cophos,
369 759 436 820 siste
455 760 660 837 hismundus,
681 762 747 822 siue
760 763 833 836 aito,
854 761 920 821 siae
932 777 1022 834 mors,
1044 759 1110 818 θὶιιθ
1124 759 1303 836 praesentio,
1324 759 1389 820 siue
1402 761 1525 837 satura·

225 857 329 917 munio
353 865 454 920 aceto
478 867 561 935 eant,
587 881 644 922 ooo
669 866 768 922 uatem
797 861 919 935 obruti,
949 859 1086 920 Christos
1110 864 1210 919 mium
1235 858 1288 918 dei.
1329 852 1392 919 Hic
1417 877 1526 921 sensus

225 953 361 1036 apostoli
386 954 480 1020 etiam
505 956 614 1022 inuitis
642 961 807 1040 extorquet
837 955 931 1021 fateri
960 957 1046 1038 quod
1076 976 1186 1018 uerum
1218 957 1273 1019 est
1315 951 1412 1020 Cuius
1443 955 1526 1020 onim

182 1057 209 1114 't
224 1053 338 1118 uolunt
358 1075 425 1119 esse
447 1054 499 1120 dei
520 1054 698 1123 Christum?
734 1055 964 1140 Respondeant.

307 1159 456 1220 Marad:
477 1153 561 1220 Boni
583 1157 641 1221 dei.

308 1259 362 1318 Ad.
384 1259 424 1319 d:
449 1252 535 1318 Boni
560 1275 635 1340 ergo
663 1255 713 1321 dei
739 1278 847 1321 sumus
874 1259 905 1320 ot
929 1276 987 1320 nos
1014 1253 1069 1338 qui
1089 1273 1197 1318 sumus
1224 1250 1341 1317 Christi
1367 1255 1399 1316 et
1419 1256 1526 1318 nostra

226 1353 338 1432 omnia,
359 1353 394 1417 id
415 1357 462 1418 est
482 1357 619 1421 muudus
641 1357 672 1421 et
692 1355 760 1420 uia
781 1359 813 1420 et
833 1376 918 1420 mors
940 1359 971 1419 et
991 1351 1169 1437 praesentio
1191 1356 1222 1416 et
1242 1351 1357 1416 futura

305 1459 396 1519 Maro.
417 1457 456 1519 d:
478 1452 616 1519 Mundus
637 1453 769 1539 maligni
790 1459 845 1519 est

174 1564 207 1619 10
307 1557 392 1618 asta.
414 1557 454 1618 d:
482 1552 569 1638 Ergo
592 1552 735 1620 Christus
762 1558 793 1618 et
814 1552 932 1620 Poulus
961 1557 992 1619 et
1014 1551 1137 1635 Cophes
1160 1556 1192 1616 et
1212 1551 1279 1616 uita
1299 1552 1473 1616 secundum
1494 1556 1525 1616 te

223 1651 354 1736 maligni
373 1657 473 1718 erunt.
501 1651 600 1718 Uides
622 1653 786 1720 manifeste
808 1654 883 1738 quia
902 1652 1061 1720 contentio
1076 1655 1108 1717 te
1126 1654 1166 1716 ad
1180 1649 1407 1734 blasphemiam
1421 1652 1524 1716 trahit

305 2073 329 2116 c
350 2052 432 2120 XX.
475 2055 530 2116 Ad.
551 2055 591 2116 d:
620 2050 663 2116 Et
687 2052 766 2116 mihi
792 2052 920 2136 quidem
945 2073 1010 2117 non
1039 2055 1086 2116 est
1111 2049 1239 2134 pigrum
1270 2049 1372 2114 adhuc
1402 2053 1433 2113 et
1462 2048 1524 2113 alia

221 2150 360 2235 proferre
386 2151 522 2234 apostoli
547 2151 739 2233 testimonia,
765 2151 848 2218 siout
873 2151 961 2217 dicit:
991 2157 1054 2216 Deo
1076 2160 1176 2214 uuam
1199 2153 1314 2230 potios
1339 2154 1393 2231 qut
1412 2171 1525 2230 suuper

222 2254 386 2332 triumphat
410 2274 467 2315 uos
491 2257 527 2315 ia
550 2255 680 2332 Christo,
711 2262 739 2316 et
758 2257 875 2316 odorem
896 2254 1033 2316 securae
1053 2273 1126 2314 suae
1148 2253 1321 2328 manifestet
1338 2271 1394 2330 per
1413 2271 1470 2313 nos
1489 2253 1525 2312 ia

170 2363 204 2419 15
221 2355 307 2415 omni
328 2354 395 2428 boo,
416 2355 490 2431 quib
511 2354 623 2416 Christi
643 2354 740 2416 bonas
760 2357 832 2416 odor
849 2373 957 2415 samus
977 2356 1013 2414 io
1030 2354 1080 2414 bis
1099 2354 1153 2431 qai
1173 2352 1254 2413 solui
1274 2353 1356 2430 fiant
1375 2358 1402 2412 et
1419 2353 1455 2412 io
1475 2353 1524 2412 bis

220 2454 275 2532 qai
291 2460 422 2531 pereant,
444 2453 515 2512 otiis
535 2453 656 2530 quidem
676 2455 749 2515 odor
769 2455 803 2516 do
823 2460 917 2514 morto
937 2455 971 2513 irs
990 2458 1121 2526 mortem
1143 2452 1213 2512 otiis
1234 2459 1333 2512 ouum
1352 2451 1425 2512 odor
1445 2452 1524 2512 aitte

220 2553 260 2614 od
283 2553 388 2614 aimon.
430 2547 480 2612 Ex
506 2570 543 2614 eo
573 2549 673 2632 igitur
702 2572 740 2614 ex
766 2571 829 2635 quo
854 2549 946 2616 nobis
978 2547 1085 2614 omnia
1111 2551 1197 2626 sunt,
1228 2569 1266 2612 ex
1292 2546 1373 2630 ipso,
1405 2545 1460 2626 ait,
1492 2550 1524 2611 et

222 2647 339 2714 Christi
362 2649 464 2712 bonus
491 2651 570 2714 odor
594 2671 702 2714 sumus
729 2651 768 2713 de
794 2649 861 2713 uita
881 2650 916 2714 in
936 2649 1036 2713 uitam
1056 2648 1106 2713 his
1128 2647 1184 2731 qui
1205 2644 1287 2710 salui
1309 2644 1402 2725 fiunt,
1433 2649 1465 2710 et
1485 2647 1545 2726 de,

219 2752 322 2814 morte
346 2746 379 2812 in
405 2750 539 2813 mortem
564 2747 613 2812 his
640 2748 695 2831 qui
719 2753 859 2831 pereunt
902 2747 995 2825 Quod
1021 2768 1094 2812 cum
1120 2745 1164 2810 itn
1190 2744 1305 2830 legatis
1332 2748 1364 2810 et
1388 2745 1523 2810 uideatis

169 2858 204 2914 20
220 2850 306 2932 quod
328 2868 367 2912 ex
381 2867 444 2910 uno
460 2849 633 2930 eodemque
654 2847 770 2912 habere
785 2869 818 2912 se
833 2847 911 2913 dicit
925 2846 1086 2931 apostolus
1109 2849 1238 2912 odorem
1252 2845 1337 2910 uitae
1360 2847 1392 2909 et
1404 2843 1523 2918 mortis,

219 2950 302 3011 unde
327 2947 404 3012 hsec
429 2949 518 3010 tanta
543 2947 677 3012 caecitas
704 2948 862 3013 mentibus
888 2947 1001 3012 uestris
1028 2945 1146 3029 obripit
1171 2949 1207 3011 ut
1233 2943 1330 3009 elium
1351 2945 1470 3010 bonum
1492 2947 1524 3007 et

218 3050 340 3130 patrem
361 3044 478 3111 Christi
505 3045 560 3129 qui
582 3046 714 3112 satutem
737 3047 860 3128 tribuit,
886 3047 983 3117 alium
1000 3068 1076 3111 uero
1099 3045 1210 3110 dicatis
1234 3043 1523 3110 conditoremesso

219 3150 251 3210 et
274 3146 412 3210 iudicem
436 3145 567 3211 mundi?
603 3144 637 3210 Si
664 3146 748 3211 enim
777 3169 815 3211 ex
841 3168 905 3212 uuo
933 3146 1037 3211 omnia
1065 3149 1096 3210 et
1124 3167 1162 3210 ox
1187 3166 1250 3209 uno
1278 3147 1356 3209 odor
1380 3144 1465 3207 uites
1493 3145 1524 3207 et

218 3247 296 3312 odor
316 3246 434 3323 mortis,
461 3267 565 3311 nonne
587 3245 745 3329 superflue
766 3251 814 3311 est
835 3246 978 3331 geminae
1000 3243 1177 3310 diuinitatis
1199 3242 1402 3309 adinuontiot
1438 3241 1523 3319 Quo·

167 3351 201 3408 25
216 3348 311 3411 modo
326 3348 432 3410 sutem
445 3366 509 3410 nou
524 3344 713 3411 erubescunt
726 3344 863 3410 Paulum
877 3345 1033 3411 dicentem
1055 3344 1142 3429 quia:
1162 3348 1246 3421 mhi,
1267 3342 1379 3426 inquit,
1392 3346 1522 3407 minimo

218 3450 355 3510 moniam
375 3454 547 3509 samiorum
568 3449 637 3509 doto
657 3455 700 3509 est
718 3450 817 3526 qratia
837 3451 918 3526 tmec,
944 3451 979 3510 ia
1003 3449 1140 3527 pentibus
1166 3446 1372 3524 eucopetirore
1396 3446 1522 3506 inaesti-

215 3548 325 3626 9ohiles
343 3548 468 3608 diuitias
485 3548 606 3624 Christi,
625 3549 798 3609 illuminare
816 3567 919 3610 omues
939 3568 1015 3626 quoe
1028 3549 1069 3608 sit
1083 3547 1263 3624 dispensatio
1278 3546 1413 3624 mysterii
1430 3546 1523 3606 baius

216 3648 380 3709 absconditi
407 3649 443 3708 ia
469 3649 596 3708 socculis
620 3649 656 3708 in
681 3650 732 3710 deo
759 3651 813 3728 qai
838 3649 942 3709 omnio
966 3648 1085 3708 monuit.
1127 3641 1209 3726 (si*)
1236 3641 1347 3724 utique
1372 3642 1450 3705 haec
1475 3643 1524 3705 est

216 3742 408 3826 dispensatio
429 3765 448 3807 a
469 3742 602 3808 saeculis
623 3744 810 3810 abscondita
830 3743 864 3808 iu
885 3747 943 3810 deo
963 3748 1110 3820 creatore,
1138 3747 1170 3808 et
1188 3743 1248 3807 hoc
1271 3745 1318 3806 cst
1338 3739 1523 3822 mysterium

299 4311 338 4367 18
356 4311 421 4367 Cod
434 4311 512 4367 siout.
531 4311 609 4381 Casp.
623 4311 698 4365 »Sic«
714 4312 719 4380 Ι
735 4311 771 4366 17
787 4309 824 4380 et]
842 4309 908 4366 Cod.
920 4311 970 4365 hat
982 4328 1031 4366 vor
1045 4312 1101 4364 »et«
1117 4311 1189 4366 noch
1203 4312 1336 4374 »autem«,
1353 4325 1411 4364 was
1422 4305 1522 4362 hainen

214 4396 326 4450 rechten
338 4393 405 4449 Sinn
422 4395 500 4466 giebt
515 4395 573 4450 und
583 4395 659 4451 wohl
676 4413 724 4449 ans
741 4395 803 4450 dem
815 4395 1047 4465 vorangehenden
1061 4394 1140 4450 ’eliis
1155 4397 1263 4450 autem«
1284 4392 1370 4448 durch
1382 4391 1522 4447 Versehen

213 4479 243 4533 in
260 4479 313 4534 den
325 4478 395 4535 Text
411 4479 577 4550 gekommen
593 4479 630 4534 ist
644 4481 648 4548 t
665 4479 703 4536 18
721 4479 817 4550 uitam]
838 4480 903 4536 Cod.
915 4479 994 4548 uitat
1011 4479 1048 4535 25
1066 4477 1131 4536 God.
1146 4477 1261 4533 minimo
1278 4477 1384 4548 inquid,
1401 4475 1453 4531 mit
1472 4476 1519 4531 »b«

212 4563 282 4618 fiber
298 4563 361 4620 dem
378 4567 470 4620 ersten
487 4565 544 4620 und
563 4581 610 4619 »a«
630 4566 698 4620 tiber
715 4565 777 4620 dem
795 4564 911 4621 aweiten
928 4564 1028 4632 Wortt
1045 4563 1084 4619 29
1104 4561 1169 4618 Cod.
1190 4559 1345 4634 absondita,
1362 4561 1414 4617 mit
1432 4561 1522 4616 ciuem

213 4649 326 4705 kleinen
342 4648 398 4704 fest
415 4649 467 4704 wie
488 4650 527 4704 »i«
549 4647 738 4704 aussehenden
757 4665 802 4702 ›c‹
821 4649 889 4704 uber
907 4667 964 4704 »o«.
