3744 5524
348 479 405 542 140
901 473 1089 528 Adamantius.
1278 473 1319 527 De
1336 471 1646 530 1ο11σε111841ο-ι1-
1713 537 1715 544 Ι

309 645 327 699 b
346 635 473 726 θεατής
495 632 675 726 γενόμενος
700 636 766 724 ἐγώ
788 631 901 706 πόθεν
926 641 1035 706 ταῦτα
1062 631 1243 724 ἀναζητεῖν
1265 630 1429 725 ἠρχόμην,
1459 641 1511 716 τίς
1534 641 1569 706 δε
1591 643 1646 704 καὶ

348 732 368 826 6
398 742 460 826 τῆς
489 733 654 825 κινήσεως
684 731 801 806 αὐτῶν
832 729 932 858 ἀρχή,
962 743 1018 805 καί
1043 739 1096 818 τίς
1122 729 1142 805 6
1168 740 1319 805 τοσαῦτα
1344 729 1419 804 κατ’
1447 730 1648 824 ἀνθρώπων

345 832 631 926 μηχανησάμενος,
657 830 770 905 πόθεν
792 863 829 905 τε
851 830 871 924 6
895 827 1020 923 εύρεσις
1042 831 1168 918 αὐτῶν,
1189 841 1246 904 καὶ
1265 828 1356 916 τίς(
1337 861 1356 904 ο
1378 831 1517 904 τούτων
1538 831 1646 905 διδάσ-

345 949 457 1038 καίος.
499 933 644 1007 καὶτὸν
670 940 732 1024 μὲν
757 931 842 1005 θεὸν
867 933 1017 1023 ποιητήν
1043 932 1181 1005 τούτων
1207 940 1363 1023 λίγειντ
1341 939 1472 1022 τολμᾶν
1493 929 1554 1022 ούχ
1575 929 1648 1017 οἷός

311 1054 384 1107 ὅτε
406 1039 456 1125 ήν,
481 1031 568 1107 ἀλλά
589 1033 656 1124 μήν
678 1030 755 1106 ούδὲ
774 1029 940 1120 έξαύτοῦ
966 1032 1030 1152 τήν
1050 1028 1238 1104 ἀπόστασιν
1259 1035 1361 1120 ἔχειν,
1387 1028 1466 1104 0666
1492 1033 1558 1123 τήν
1584 1040 1647 1103 τοῦ

346 1138 432 1207 εἶναι
453 1134 625 1206 σύστασιν
646 1142 723 1217 πῶς
743 1132 806 1224 γάρ
828 1130 904 1204 σίόν
924 1160 964 1202 τε
984 1124 1027 1221 ήν
1050 1138 1159 1203 ταῦτα
1176 1139 1253 1221 περὶ
1268 1137 1352 1203 θεοῦ
1373 1127 1564 1216 6vvoslv;‘
1545 1163 1564 1204 ο
1585 1139 1648 1256 μὲν

345 1236 412 1356 γὰρ
436 1232 566 1324 ἀγαθὸς
597 1240 652 1304 καί
684 1240 759 1304 τῶν
784 1228 995 1320 κρειττόνων
1020 1229 1178 1322 ποιητής,
1211 1239 1286 1302 τῶν
1316 1237 1352 1303 δέ
1382 1231 1526 1319 φαύλων
1552 1229 1647 1322 αύτῷ

345 1332 528 1424 πρόσεστιν
550 1330 661 1405 οὐδέν·
692 1328 766 1404 ἀλλ’
789 1329 867 1404 οὐδὲ
889 1351 961 1413 τοῖς
982 1330 1155 1416 τοιούτοις
1179 1338 1309 1420 χαίρειν
1329 1327 1542 1419 πέφνκεν,’
1522 1360 1647 1419 απαγο·

345 1434 433 1524 ρεύει
448 1439 553 1507 δὲκαὶ
575 1431 641 1522 τὴν
663 1441 792 1523 γένεσιν
806 1428 932 1516 αὐτῶν,
953 1432 1107 1514 καὶτοὺς
1127 1437 1189 1520 μὲν
1208 1440 1390 1520 χαίροντας
1404 1428 1542 1514 τούτοις
1564 1428 1647 1504 ἀπο-

296 1546 328 1600 10
345 1531 519 1617 βάλλεται,
546 1532 628 1616 τοὺς
650 1539 686 1603 δὲ
708 1531 896 1622 φεύγοντας
918 1528 1005 1602 αὐτὰ
1026 1537 1212 1621 προσίεται.
1254 1538 1407 1614 καὶπῶς
1429 1527 1491 1604 ούκ
1512 1530 1649 1603 άτσπον

312 1632 409 1705 θεὸν
430 1631 516 1705 θεὸν
537 1630 677 1704 τούτων
691 1639 800 1721 λέγειν
815 1626 1029 1721 δημιουργόν,
1052 1629 1115 1702 τόν
1129 1637 1238 1701 ταῦτα
1258 1629 1548 1721 παραιτούμενον,·
1570 1627 1647 1700 οὐδὲ

344 1733 407 1822 γάρ
429 1730 472 1804 ἀν
493 1730 651 1854 έβούίετρ
673 1731 825 1822 μὴεῖναι
846 1737 963 1814 ταῦτα,
985 1736 1014 1801 εί
1035 1737 1175 1819 πρῶτος
1196 1727 1313 1801 αὐτῶν
1334 1729 1478 1821 ποιητής
1498 1726 1649 1820 ύπήρχεν

344 1828 460 1916 αύτός·
491 1831 573 1913 τούς
603 1830 666 1919 γὰρ
695 1826 901 1918 προσιόντας
932 1827 1025 1918 αύτῷ
1056 1828 1201 1919 μιμητάς
1226 1825 1334 1900 αύτσῦ
1359 1836 1514 1919 γενέσθαι
1540 1837 1645 1901 θέίει·

345 1925 430 2004 ὅθεν
452 1931 578 2020 ἄλογον
600 1931 713 2016 ἔδοξεν
729 1930 813 2001 είναί
834 1959 891 2019 μοι
913 1936 1020 2000 ταῦτα
1041 1925 1254 2018 προσάπτειν
1268 1926 1363 2018 αύτῷ
1386 1925 1471 2018 ήως
1485 1934 1520 2016 ἐξ
1541 1925 1649 2001 αύτοῦ

295 2047 326 2100 15
344 2027 509 2120 γεγονότα
533 2026 566 2119 6
588 2035 618 2100 εί
637 2037 693 2099 καὶ
715 2027 757 2100 τά
779 2026 925 2118 μάλιστα
946 2026 1189 2118 συγχωρήσειεν
1210 2034 1246 2114 ἐξ
1271 2025 1334 2100 ούκ
1361 2021 1478 2100 όντων
1499 2027 1647 2101 δυνατόν

344 2133 431 2203 είναί
452 2157 487 2202 τι
509 2122 716 2219 γενέσθαι,”
697 2157 752 2200 οτι
772 2135 829 2199 καὶ
850 2127 893 2199 τὰ
907 2157 994 2200 κακα
980 2125 1224 2216 ἔποίησεν’
1180 2124 1291 2212 αοτός.
1329 2123 1426 2218 όγάρ
1448 2133 1485 2200 ἐκ
1499 2135 1563 2200 τοῦ
1584 2125 1648 2199 ούκ

344 2232 428 2302 εἶναι
455 2237 502 2312 είς
528 2226 569 2300 τὸ
597 2231 682 2300 είναι
708 2224 794 2299 αύτά
820 2225 963 2318 ποιήσας
984 2223 1047 2298 σύκ
1073 2225 1116 2298 ἀν
1138 2233 1175 2298 ἐκ
1202 2233 1265 2300 τοῦ
1285 2229 1371 2299 εἶναι
1396 2224 1512 2318 ἀνῄρει
1532 2225 1645 2306 πάλιν,

343 2327 366 2419 6
386 2336 415 2400 εί
437 2336 552 2415 τοῦτο,
574 2325 702 2418 ἀνάγκη
722 2333 830 2416 λέγειν
845 2324 894 2410 αἶς
914 2319 957 2416 ήν
970 2353 1056 2398 ποτε
1076 2327 1192 2416 καιρὸς
1213 2321 1272 2399 ὅτε
1287 2345 1360 2410 τοῖς
1374 2347 1493 2412 κακοῖς
1514 2330 1647 2417 ἔχαιρεν

345 2424 364 2500 6
384 2428 475 2514 θεός
497 2437 560 2502 νῦν
582 2435 617 2501 δὲ
639 2424 796 2516 <σύκέτι>
819 2423 903 2516 ὅπερ
925 2423 1095 2498 ἀδύνατον
1117 2427 1202 2499 εἷναί
1220 2456 1277 2518 μοι
1298 2434 1391 2498 δοκεῖ
1410 2434 1519 2517 λέγειν
1539 2433 1647 2498 τοῦτο

272 2541 325 2596 2οᾱ
344 2537 422 2619 περὶ
448 2536 545 2601 θεοῦ·
580 2525 751 2601 ἀνσικείον
777 2527 872 2616 <γάρ>
898 2523 1004 2597 αύτσῦ
1031 2533 1092 2616 τῆς
1114 2525 1247 2614 φύσεως
1274 2533 1379 2599 τοῦτο
1401 2524 1648 2616 προσαρμόζων

345 2627 481 2720 (αύτῷ).
524 2625 642 2717 διόπερ
664 2631 758 2714 ἔδοξέ
777 2654 834 2716 μοι
857 2623 1080 2714 συνυπάρχειν
1101 2655 1136 2697 τι
1155 2623 1250 2716 αὐτῷ
1278 2619 1307 2716 6
1330 2619 1482 2747 τούνομα
1503 2619 1580 2714 δίη,
1611 2629 1647 2710 ἐξ

345 2731 383 2817 ής
396 2728 440 2800 τά
456 2723 542 2800 ὄντα
557 2725 796 2817 ἐδημιούργησε
810 2732 909 2814 τέχνη
924 2734 1014 2814 σοφή
1030 2732 1201 2816 διακρίνας
1215 2733 1270 2796 καὶ
1286 2699 1509 2816 διακοσμήσας
1522 2731 1644 2807 καλῶς,

342 2831 378 2914 ἐξ
400 2821 439 2918 ής
459 2837 515 2900 καί
536 2826 580 2898 τά
601 2825 687 2897 κακά
709 2828 795 2898 είναι
817 2834 916 2898 δοκεῖ.
959 2823 1083 2898 ἀποίου
1108 2825 1172 2916 γάρ
1193 2834 1249 2897 καί
1271 2821 1522 2915 ἀσχηματίστου
1543 2817 1646 2912 σύσης

343 2924 456 3018 αὐτῆς,
477 2925 566 3016 πρὸς
587 2932 623 2997 δὲ
645 2925 783 3009 τούτοις
803 2921 901 2996 καὶ’
881 2922 1040 3008 ατάκτως
1062 2932 1257 3016 φερομένης,
1280 2931 1440 3014 δεομένης
1454 2952 1492 2996 τε
1506 2929 1568 3014 τῆς
1583 2930 1645 2995 τοῦ

426 3113 444 3168 3
463 3107 572 3186 εύρεσις
588 3112 673 3167 Meth.
688 3111 765 3177 GDE,
783 3105 895 3184 εύρησις
912 3113 938 3166 d.
950 3112 1010 3166 flbr.
1026 3113 1065 3180 14
1083 3110 1193 3167 τοίτων
1211 3113 1330 3180 ποιητὴν
1347 3111 1432 3166 Meth.
1448 3113 1452 3180 1
1468 3113 1514 3178 fil?
1526 3106 1575 3175 Ὃς
1592 3107 1646 3178 μὲν

341 3195 396 3268 γάρ
415 3195 490 3253 ἐστιν
508 3194 553 3266 ἀγ.
571 3197 657 3253 Meth.
673 3197 677 3264 Ι
695 3197 733 3253 10
751 3192 862 3252 άτσπσν
881 3193 914 3266 ἣν
935 3196 1020 3252 Meth.
1036 3198 1040 3264 Ι
1057 3197 1094 3252 11
1113 3194 1206 3266 λέγειν
1224 3190 1297 3252 εἶναι
1314 3196 1398 3250 Meth.
1414 3198 1418 3265 1
1436 3197 1473 3252 12
1493 3191 1529 3252 ἂν
1547 3204 1580 3254 <
1598 3195 1618 3248 C
1639 3195 1644 3260 Ι

341 3281 438 3350 ταῦτα]
457 3278 528 3336 αὐτὰ
547 3281 632 3336 Meth.
648 3283 653 3348 Ι
670 3281 707 3337 13
725 3279 850 3350 μιμητὰς
868 3278 943 3354 αὐτῷ
962 3285 995 3337 26
1012 3301 1042 3349 μ.
1061 3278 1150 3336 αὐτοῦ
1166 3279 1259 3334 ΒΟΒΕ
1274 3284 1279 3349 Ι
1295 3281 1334 3337 14
1352 3274 1448 3346 ἔδοξεν
1464 3280 1577 3335 Wettst.
1595 3277 1644 3332 mit

341 3365 396 3419 Pie„
414 3365 599 3420 Humf1.Per.
617 3365 711 3432 Meth„
730 3359 834 3432 ἔδειξεν
851 3366 878 3420 d.
890 3365 960 3420 Hss.
976 3369 981 3433 Ι
996 3363 1081 3439 αὐτῷ]
1098 3371 1139 3438 τῷ
1157 3369 1217 3438 θεῷ
1236 3365 1262 3419 ά
1281 3364 1380 3434 ςαΗε.
1398 3364 1542 3431 (1.11ε11ι1
1560 3363 1647 3426 15116

340 3447 358 3517 6
375 3447 445 3505 εί-
458 3445 590 3519 ἐποίησεν
603 3448 696 3519 αὐτὸς]
715 3449 826 3504 Schwer
837 3449 1032 3504 versffindlich.
1063 3447 1090 3505 εί
1100 3449 1171 3503 nach
1183 3447 1200 3518 ἢ
1212 3458 1245 3508 <
1257 3447 1339 3516 DEG,
1358 3451 1427 3504 statt
1439 3449 1644 3520 συγχωρήσειεν

340 3534 439 3589 Motha
459 3539 638 3606 συγχωρῆσαι
655 3536 704 3597 δεῖ,
723 3536 794 3588 είείί
811 3533 957 3605 γενέσθαιι
976 3535 1114 3604 γίνεσθαι.
1144 3535 1218 3589 Aber
1235 3534 1321 3590 selbst
1338 3551 1419 3588 wenn
1436 3534 1486 3588 wir
1504 3533 1578 3587 diese
1591 3533 1645 3586 LA.

341 3618 515 3686 aufnohmen,
533 3618 623 3675 bloibt
640 3619 688 3672 der
706 3618 773 3673 Sinn
789 3620 898 3676 unklar.
933 3619 1082 3675 Vielleioht
1098 3617 1146 3683 ist,
1170 3619 1336 3688 wenigstens
1353 3619 1383 3672 in
1400 3618 1486 3674 Meth.
1503 3615 1521 3686 6
1538 3617 1568 3671 in
1585 3613 1602 3684 6
1620 3613 1648 3671 εί

340 3720 395 3758 von
418 3703 506 3758 seiner
527 3702 613 3758 stelle
634 3703 751 3774 geruokt
773 3704 829 3757 und
852 3704 951 3773 gehbrt
973 3722 1022 3759 vor
1044 3698 1102 3768 ὅτι,
1130 3703 1224 3757 nodus
1241 3704 1290 3758 der
1306 3721 1392 3773 urspr.
1408 3703 1478 3758 Text
1495 3702 1531 3770 (d.
1549 3701 1646 3768 Meth.)

339 3791 425 3842 πέτει
454 3785 472 3856 6
489 3783 529 3853 ὼς
548 3784 579 3854 ἐξ
600 3785 688 3843 αὐτοῦ
710 3787 850 3857 γεγονότα
868 3786 895 3844 εί
910 3790 959 3843 καί
976 3787 1011 3844 τά
1033 3786 1157 3858 μάλιστα
1176 3793 1356 3860 συγχωρῆσαι
1372 3789 1418 3843 δεῖ
1436 3784 1468 3853 ἐξ
1484 3785 1536 3842 σίκ
1554 3781 1647 3841 άντων

339 3870 460 3928 δυνατὸν
478 3866 552 3929 εἶναί
570 3892 597 3927 τι
614 3873 752 3943 γίνεσθαι,
772 3870 788 3941 6
807 3867 851 3927 ὅτι
868 3874 917 3928 καί
933 3871 968 3928 τά
981 3871 1055 3928 κακὰ
1068 3869 1200 3941 ἐποίησεν
1213 3869 1306 3937 αίτός.
1335 3871 1379 3926 Da
1390 3872 1416 3925 d.
1429 3871 1500 3926 Hss.
1514 3871 1561 3924 des
1573 3869 1646 3924 nial.

339 3958 391 4012 mit
407 3958 456 4012 der
467 3958 514 4012 Hs.
527 3957 554 4012 d.
568 3957 654 4024 Meth.
672 3957 701 4011 in
720 3957 769 4011 der
781 3957 909 4028 Stellung
925 3956 1009 4026 von6
1026 3957 1277 4021 fibereinsfimmen,
1295 3956 1368 4010 habe
1383 3956 1429 4010 ioh
1440 3956 1470 4010 in
1487 3956 1549 4010 dem
1567 3955 1646 4009 tiber·

338 4041 466 4098 lieferben
482 4043 569 4097 Texoe
586 4042 676 4096 niohb
695 4045 836 4112 geandorh
866 4042 927 4098 Rus.
944 4041 1034 4096 hietat
1049 4041 1131 4096 lmine
1148 4040 1339 4110 Aufklfirunffi
1357 4057 1387 4095 ετ
1403 4042 1454 4095 hat
1470 4040 1522 4094 mit
1538 4055 1647 4110 grosser

338 4126 458 4182 Freiheit
475 4127 613 4183 iibereetzt
629 4129 687 4182 und
704 4127 746 4182 las
763 4127 849 4184 wohl:
873 4128 1087 4199 συγχωρήσειεν,
1112 4124 1168 4195 vgl.
1189 4126 1264 4193 »ipso
1282 4125 1450 4193 ιἰιδιιίρεσίαι
1472 4126 1476 4193 Ι
1498 4125 1534 4180 17
1555 4121 1595 4188 είς
1613 4133 1645 4182 <

337 4209 393 4273 ΒΕ,
412 4209 453 4278 είς
469 4211 508 4267 τδ
521 4206 595 4269 εἶναι
613 4210 685 4268 ἰέναι
702 4212 861 4282 σοαγ’.1εὶιι“ι
875 4212 879 4280 Ι
894 4207 1016 4266 Νεοαίκ
1033 4215 1084 4266 τοῦ
1102 4203 1175 4266 εἶναι
1186 4210 1271 4264 Meth.
1289 4216 1321 4274 -Ι-
1340 4209 1381 4276 εἰς
1398 4209 1433 4266 τὸ
1450 4207 1551 4279 μηκέτι
1568 4201 1642 4264 εἶναι

338 4295 409 4353 αὐτὰ
429 4299 434 4365 Ι
456 4297 493 4353 18
512 4294 622 4367 ἀνάγκη
640 4295 725 4353 πάλιν
744 4297 789 4352 FH
801 4297 859 4351 Pio.
878 4297 882 4363 Ι
902 4293 920 4364 6
941 4303 1025 4350 τοῦτο
1049 4292 1160 4365 ἀνάγκη
1178 4295 1264 4350 Meth.
1283 4296 1287 4363 1
1309 4295 1347 4352 19
1371 4293 1465 4351 οὐκέτι
1482 4301 1515 4359 -1-
1532 4293 1619 4348 Meth.
1640 4277 1644 4344 ί

338 4382 378 4437 20
390 4380 446 4454 γάρ
458 4389 491 4447 ÷
500 4381 587 4437 Meth.
602 4383 606 4450 Ι
621 4387 671 4449 τῆς
682 4379 793 4452 φύσεως
805 4379 893 4436 αὑτοῦ
902 4381 988 4436 Meth.
1004 4381 1008 4448 Ι
1023 4379 1118 4449 τοῦτο]
1130 4377 1223 4453 τούτῳ
1235 4379 1321 4435 A²CH
1336 4382 1340 4449 1
1358 4380 1395 4435 21
1410 4376 1486 4452 αὐτῷ
1499 4385 1532 4443 ÷
1541 4377 1627 4432 Meth.
1641 4379 1645 4444 l

336 4486 363 4523 τι
380 4466 475 4530 Meth„
492 4485 523 4522 τε
543 4466 570 4520 d.
587 4465 667 4532 Hss„
691 4465 829 4535 »αίίηιιίάι
848 4466 910 4522 Βοί.
930 4467 934 4534 Ι
955 4465 994 4521 28
1013 4461 1127 4532 ἀποίου]
1145 4460 1285 4533 ἀποιήτσν
1303 4464 1329 4520 d.
1347 4463 1426 4530 ΗΒΕ,
1449 4481 1502 4518 nur
1518 4463 1551 4518 G:
1574 4460 1644 4519 ἀπσ-

337 4553 434 4620 νήτως.
465 4550 527 4620 Vgl.
544 4549 628 4618 8441),
649 4568 692 4606 wo
711 4552 762 4605 Ad.
781 4549 835 4604 den
852 4550 928 4604 Dros.
946 4548 1133 4619 widerlegend
1155 4551 1230 4619 sagt:
1254 4543 1324 4620 ἔφης
1339 4549 1436 4604 τοίνυν
1454 4543 1559 4604 ἄποιον
1577 4541 1645 4617 ύλην

337 4633 525 4708 συνυπάρχειν
542 4641 582 4709 τῷ
600 4638 669 4707 θεῷ.
698 4635 796 4691 Mem:
815 4631 919 4691 ἀποίου
935 4652 975 4690 τε.
