3708 5528
583 1191 673 1261 eries
690 1192 745 1261 des
762 1192 894 1261 Rufinus
915 1210 957 1260 an
977 1192 1102 1262 Paulus.

270 1382 362 1448 Alios
384 1386 511 1468 quidem
533 1406 629 1469 quarn
650 1383 803 1468 plurimos
818 1384 921 1463 uideo,
944 1406 1016 1450 oum
1031 1387 1072 1448 ad
1086 1385 1190 1451 fontes
1205 1408 1241 1450 ao
1255 1385 1387 1452 flumina
1400 1387 1499 1453 libro·

187 1507 258 1550 rum
279 1485 436 1566 uenerint,
458 1485 565 1550 bibere
592 1486 720 1569 quidem
749 1488 780 1550 et
801 1484 887 1548 sitim
907 1484 1052 1567 propriae
1075 1484 1257 1568 cupiditatis
1279 1485 1417 1569 explere,
1443 1489 1500 1552 sed

186 1589 345 1650 mutorum
376 1583 560 1649 animalium
589 1607 677 1650 more
707 1581 892 1649 conculcare
918 1583 1051 1667 pedibus
1077 1584 1204 1668 poeula,
1231 1585 1346 1668 quibus
1372 1585 1498 1650 fuerant

187 1683 342 1764 delectati,
364 1688 396 1748 et
409 1684 529 1749 fluenta
541 1683 763 1768 limpidissima
778 1683 816 1748 ab
831 1683 904 1748 imis
919 1688 1077 1748 commota
1091 1685 1182 1749 uadis
1196 1684 1384 1767 probrorum
1398 1707 1497 1751 coeno

153 1788 346 1850 atemerare.
389 1782 452 1848 Sed
480 1787 529 1862 tu,
550 1783 650 1850 Paule
675 1784 786 1864 frater,
813 1783 880 1868 qui,
906 1782 1137 1849 rationabiliter
1157 1783 1278 1865 sitiens,
1308 1785 1415 1851 breuis
1441 1785 1499 1850 otii

186 1883 250 1948 mei
271 1885 355 1966 apud
368 1883 536 1948 Patauium
550 1884 689 1967 amplam
703 1882 856 1967 (partem)
871 1887 991 1964 nactus,
1013 1885 1089 1948 dum
1102 1884 1276 1950 uenerabili
1289 1884 1372 1968 patri
1386 1883 1498 1953 lebino

187 1983 310 2049 unandi
330 1985 531 2049 redderemus
553 1983 669 2062 officia,
691 2005 813 2049 summo
834 2007 852 2048 a
870 2006 921 2048 me
936 1983 1091 2048 desiderio
1105 1983 1287 2066 poposeisti,
1308 1988 1345 2049 ut
1362 1985 1422 2050 tibi
1441 1985 1498 2050 ali·

187 2082 265 2167 quid
293 2086 333 2147 de
360 2081 553 2149 Graecorum
583 2083 725 2149 fontibus
760 2083 973 2167 propinarem,
1009 2083 1134 2166 suscipe
1168 2082 1295 2148 interim
1325 2085 1382 2149 has
1411 2084 1497 2150 Ada-

99 2213 103 2220 ·
185 2183 298 2248 mantii
328 2183 557 2266 disputationes
587 2183 622 2247 in
650 2183 784 2248 latinum
814 2205 935 2262 uersas,
966 2203 1044 2267 quas
1071 2183 1238 2248 aduersum
1263 2181 1381 2250 multos
1402 2182 1498 2249 simul

135 2291 169 2347 10
185 2283 361 2348 haereticos
381 2282 494 2347 habuit
515 2283 633 2348 arbitro
654 2282 840 2367 presidente,
862 2283 1002 2366 quinque
1022 2281 1175 2348 immanes
1196 2283 1313 2348 bestias
1334 2283 1421 2349 solus
1442 2305 1494 2348 ex·

185 2401 330 2467 pugnans
353 2387 385 2448 et
405 2383 627 2467 congressione
648 2382 860 2448 famosissima
881 2381 1095 2466 spectaculum
1116 2384 1243 2461 mundo,
1266 2387 1298 2447 et
1319 2382 1441 2467 angelis
1463 2385 1496 2447 et

186 2481 375 2561 hominibus,
397 2482 507 2548 fectus.
547 2480 587 2548 In
608 2481 722 2566 quibus
743 2481 936 2567 perspiciens
958 2481 1146 2548 assertiones
1168 2480 1243 2557 eius,
1263 2501 1321 2564 par
1342 2503 1420 2566 quas
1441 2480 1495 2546 uel

185 2581 361 2647 haereticos
388 2583 428 2645 ad
453 2584 637 2667 dogmatum
658 2582 836 2664 ueritatem,
862 2582 914 2648 uel
935 2580 1069 2667 gentiles
1091 2581 1248 2647 conuertit
1268 2583 1308 2644 ad
1329 2580 1437 2660 fidem,
1464 2584 1495 2645 et

186 2681 399 2761 considerans,
421 2703 518 2766 quarn
539 2681 701 2762 catholice,
722 2704 818 2767 quam
838 2681 960 2765 integre
982 2680 1186 2746 ecelesiastici
1207 2679 1365 2765 dogmmis
1386 2679 1494 2746 defen-

135 2797 168 2850 15
185 2802 239 2846 sor
260 2780 426 2862 exstiterit,
447 2779 595 2861 arbitror,
618 2784 705 2866 quod
725 2781 852 2846 suinum
874 2785 905 2845 et
925 2780 1080 2846 foetidum
1102 2782 1300 2864 quorundam
1320 2779 1435 2844 uitium
1455 2781 1495 2844 de

186 2880 406 2944 conculcandis
428 2883 598 2947 uerborum
612 2880 791 2966 margaritis
807 2885 839 2945 et
852 2880 1035 2964 rumpendis
1050 2878 1231 2946 doctoribus
1245 2880 1453 2963 perhorrebis.

270 3044 375 3113 (Dieser
390 3045 470 3100 Brief
483 3046 521 3100 ist
536 3045 566 3100 iu
589 3046 638 3101 der
654 3045 706 3101 Hs
725 3045 775 3100 der
790 3045 998 3116 Uebersetuung
1014 3043 1265 3115 vorausgeschiokt.
1298 3046 1353 3098 Am
1370 3041 1495 3102 Sohluss:
1612 3077 1614 3082 ,

185 3127 308 3200 Explicit
323 3130 463 3201 prologus.
481 3159 515 3169 —
533 3129 566 3200 Β)

270 3266 289 3321 a
306 3264 362 3320 Das
379 3282 414 3320 au
427 3264 580 3336 ›amplam‹
595 3264 727 3338 gehdrige
739 3264 900 3321 Substantia
917 3265 989 3321 fehlt
1000 3265 1040 3319 im
1051 3263 1118 3321 (lod.
1142 3263 1178 3318 Es
1190 3281 1265 3320 mass
1278 3266 1415 3335 ›portem‹
1429 3263 1496 3320 oder

185 3347 256 3404 auch
280 3349 464 3419 ›portionem‹
494 3367 621 3420 genesen
645 3349 711 3406 sein.
749 3349 815 3420 Vgl.
831 3349 863 3405 in
878 3351 974 3420 Bazug
995 3349 1045 3404 auf
1066 3349 1116 3404 das
1133 3348 1246 3404 letatere
1263 3350 1357 3406 laven.
1374 3347 1430 3404 Sat
1448 3347 1495 3410 IX,

186 3435 236 3489 127
245 3432 276 3487 t:
291 3432 476 3504 »miseraeque
487 3433 651 3491 breuissima
661 3433 738 3490 uitae
750 3435 866 3505 portioc.
885 3433 1066 3504 (Diesonnj.
1075 3431 1226 3504 belriedigt
1236 3432 1321 3488 nieht
1341 3430 1493 3502 ›amplam‹

184 3516 222 3572 ist
232 3517 358 3587 korrupt3
376 3535 433 3573 nas
445 3537 480 3574 au
490 3517 567 3575 lesen
579 3519 626 3586 sei,
643 3520 681 3574 ist
692 3519 836 3590 ungentes
854 3550 887 3559 —
899 3517 933 3589 B)
949 3520 953 3588 Ι
968 3517 987 3575 8
999 3519 1053 3574 Mit
1072 3517 1208 3588 ›suscipe‹
1227 3517 1309 3588 langt
1324 3515 1371 3572 bei
1383 3515 1496 3588 Oaspari

186 3600 231 3657 ein
247 3618 332 3657 neuer
349 3602 414 3658 Sata
433 3619 477 3657 an.
495 3633 529 3642 -
547 3603 570 3657 Β
585 3605 590 3670 Ι
607 3603 646 3660 10
664 3603 730 3660 (ted.
747 3603 861 3659 arbitrio
878 3603 1023 3659 residente.
1047 3602 1112 3673 Vgl
1130 3601 1218 3673 Spart
1234 3601 1319 3658 Hadr.
1337 3603 1383 3669 13,
1405 3604 1495 3658 Amm.

185 3685 270 3743 Mare.
286 3687 359 3756 XIV,
376 3689 401 3752 0,
415 3687 440 3742 3.
463 3687 563 3753 XXVI,
582 3688 669 3756 10,10
686 3686 850 3760 (presidente
867 3718 901 3730 —
912 3687 945 3757 Β)
961 3689 966 3757 Ι
982 3687 1021 3744 10
1040 3687 1105 3744 God.
1123 3686 1281 3758 margaritis
1298 3703 1314 3742 e
1330 3685 1496 3757 rumpendis.
