3708 5528
193 513 304 584 Caspari
321 515 335 567 I
352 529 375 567 c.
393 512 420 568 8.
793 511 901 584 Dialog.
1459 525 1497 584 17

276 703 301 745 o.
322 681 427 751 VIII.
455 685 529 762 Mcp.
551 685 592 747 d:
614 679 784 746 Ostendam
805 682 880 766 quia
899 703 997 746 unum
1019 684 1066 746 est
1088 680 1294 765 euangelium.

275 787 329 846 Ad.
349 787 390 846 d:
411 780 487 857 Quis
504 784 551 846 est
571 781 626 866 qui
647 781 773 864 scripsit
790 781 875 847 istud
893 781 999 865 ipsum
1021 783 1107 864 quod
1125 781 1228 847 solum
1247 781 1293 847 ais
1314 805 1380 849 esse
1403 806 1496 849 euan-

193 881 330 962 galium?

275 987 347 1061 Mcp.
369 986 408 1046 d:
435 978 586 1046 Christus.

158 1104 174 1157 5
275 1086 330 1146 Ad.
352 1085 391 1144 d:
417 1078 459 1144 Et
480 1081 547 1162 ipse
569 1083 608 1146 de
629 1102 662 1145 se
684 1079 826 1146 Christus
848 1080 973 1163 scripsit
994 1079 1069 1164 quia
1087 1079 1254 1144 crucifixus
1276 1085 1323 1146 est
1345 1084 1376 1145 et
1396 1103 1497 1146 resur-

192 1181 273 1245 rexit
292 1203 311 1243 a
331 1179 463 1244 mortuis
484 1179 578 1243 tertia
599 1179 668 1245 die?

274 1285 347 1360 Mcp.
368 1284 407 1346 d:
433 1278 551 1343 Paulus
574 1280 734 1362 apostolus
754 1283 816 1346 hoc
837 1279 964 1344 addidit.

274 1385 328 1443 Ad.
349 1384 388 1443 d:
415 1379 535 1443 Aderat
557 1379 640 1444 enim
662 1379 788 1457 Paulus,
810 1401 883 1444 cum
904 1378 1139 1463 crucifigeretur
1160 1377 1321 1446 Christus?

274 1483 347 1558 Mcp.
369 1484 409 1543 d:
437 1477 509 1562 Ipse
531 1478 657 1562 scripsit
678 1477 886 1562 euangelium.

142 1598 174 1652 10
274 1583 329 1643 Ad.
350 1583 390 1643 d:
417 1575 451 1641 Si
479 1596 553 1660 ergo
580 1581 745 1644 ostendero
768 1578 927 1672 quianon
948 1577 1050 1643 solum
1075 1599 1139 1642 non
1165 1581 1273 1643 aderat
1297 1581 1353 1642 sed
1374 1583 1405 1643 et
1426 1584 1498 1661 post

192 1678 270 1742 haec
290 1679 537 1760 persequebatur
558 1681 728 1757 credentes,
750 1679 810 1742 eris
832 1676 1047 1742 Christianus?

273 1782 347 1857 Mep.
370 1781 410 1841 d:
439 1774 513 1840 Non
535 1799 604 1840 sum
627 1777 709 1841 enim
732 1775 946 1842 Christianus?

275 1881 381 1941 Adara.
395 1880 435 1940 d:
457 1874 621 1951 Quomodo
637 1875 834 1942 Christianus
855 1898 896 1956 es,
918 1876 972 1960 qui
987 1897 1045 1940 nec
1065 1898 1180 1941 nomen
1194 1874 1363 1941 Christiani
1383 1878 1498 1942 habere

192 1976 306 2060 dignus
328 1974 453 2039 habitus
477 1979 529 2040 es?
558 1973 633 2040 Non
655 1976 740 2040 enim
762 1975 956 2041 Christianus
978 1975 1097 2054 diceris,
1119 1977 1174 2038 sed
1195 1975 1408 2042 Marcionista.

143 2093 175 2146 15
275 2081 348 2155 Mep.
370 2080 409 2139 d:
431 2074 475 2140 Et
496 2097 553 2138 uos
576 2075 723 2140 catholici
745 2075 892 2140 dicimini.
934 2074 1020 2159 Ergo
1042 2096 1107 2139 non
1129 2073 1202 2138 estis
1225 2072 1402 2142 Christiani

275 2179 330 2239 Ad.
344 2179 384 2239 d:
407 2172 442 2238 Si
460 2174 596 2240 hominis
617 2175 773 2241 uocabulo
792 2179 959 2256 uteremur,
979 2177 1060 2240 bene
1081 2175 1211 2252 diceres;
1238 2175 1265 2238 si
1286 2197 1362 2241 uero
1383 2198 1439 2259 pro
1463 2199 1499 2242 eo

193 2276 279 2357 quod
299 2295 496 2357 peromnem
517 2277 670 2338 mundum
692 2297 809 2355 sumus,
830 2274 947 2340 idcirco
963 2273 1110 2338 catholici
1131 2273 1271 2354 dicimur,
1294 2275 1370 2357 quid
1384 2275 1418 2338 in
1438 2275 1500 2340 ista

192 2371 403 2456 appellatione
428 2373 555 2437 uidetur
581 2395 648 2438 esse
674 2373 850 2457 culpabile?
886 2371 935 2437 Tu
961 2372 1039 2437 mihi
1065 2375 1193 2438 ostende
1220 2373 1247 2438 si
1267 2373 1343 2438 licet
1363 2375 1499 2440 hominis

193 2471 325 2536 alicuius
347 2472 474 2537 nomine
496 2473 629 2537 censeri:
657 2492 716 2556 ego
742 2477 847 2537 autem
868 2475 1031 2538 ostendam
1057 2472 1215 2555 quianon
1236 2471 1340 2538 solum
1361 2474 1500 2557 episcopi

141 2585 176 2641 20
193 2572 324 2636 alicuius
353 2571 563 2654 appellatione
590 2571 806 2656 cognominari
832 2593 896 2636 non
921 2570 997 2636 licet
1018 2570 1201 2654 discipulos,
1228 2574 1343 2637 sedne
1366 2574 1502 2656 apostoli

193 2671 328 2755 quidem.
371 2669 448 2746 Qui·
469 2672 571 2736 maior
593 2677 640 2736 est
661 2675 745 2755 apud
767 2675 806 2751 te,
827 2671 970 2735 Marcion
991 2693 1031 2734 an
1051 2669 1191 2735 Paulus?

275 2776 349 2851 My.
372 2775 411 2836 d:
437 2770 564 2836 Paulus.

276 2876 331 2934 Ad.
350 2875 390 2935 d:
412 2870 498 2933 Audi
520 2889 604 2954 ergo,
625 2871 653 2936 si
674 2869 733 2934 tibi
754 2870 886 2949 uidetur,
909 2869 985 2953 quid
1004 2867 1132 2948 Paulus,
1154 2869 1209 2952 qui
1229 2869 1390 2935 Marcione
1411 2892 1499 2952 prac-

193 2969 327 3034 stantior
348 2973 404 3047 est,
424 2972 591 3054 praecepit.
634 2974 786 3036 Parhalum
811 2978 854 3033 cst
877 2975 958 3033 enim
978 2973 1068 3048 mibi,
1090 2969 1206 3051 inquit,
1232 2974 1266 3032 de
1287 2973 1375 3033 cobis
1395 2975 1430 3034 ab
1451 2973 1500 3034 bis

143 3080 176 3134 25
193 3075 248 3151 qai
267 3080 341 3133 sunt
364 3073 467 3134 Chlces
488 3075 560 3151 quio
580 3073 778 3133 macedones
803 3078 876 3132 sunt
900 3074 935 3134 c'a
955 3073 1055 3147 codd,
1080 3078 1107 3132 et
1131 3072 1314 3133 aliusdicit:
1344 3074 1409 3150 Epo
1430 3093 1500 3134 sum

194 3173 295 3246 Pauli,
318 3174 413 3233 alius:
436 3175 499 3250 Epo
522 3173 634 3248 Apollo,
655 3172 751 3232 alites:
778 3173 842 3249 Epo
868 3173 986 3250 Cophos.
1029 3173 1160 3232 Diac'sus
1181 3178 1224 3233 cst
1247 3173 1407 3233 Christus?

275 3274 349 3350 Mcp.
371 3275 410 3332 d:
437 3269 507 3353 Ego
523 3267 719 3333 Christianus
734 3269 834 3349 dicor;
855 3270 910 3332 sed
925 3269 953 3332 si
966 3273 1002 3332 tu
1019 3267 1098 3332 mihi
1111 3289 1226 3334 nomen
1240 3267 1376 3334 hominis
1391 3269 1501 3350 obicis,

195 3374 226 3432 et
248 3388 306 3452 ego
329 3371 570 3451 pessumdata
592 3369 694 3433 dicere
716 3369 791 3452 quia
812 3371 843 3432 et
864 3372 899 3432 tu
921 3366 1122 3434 Socratianus
1143 3389 1184 3434 es.

277 3473 333 3532 Ad.
355 3473 394 3532 d:
421 3467 491 3552 Ego
515 3465 652 3532 Socratis
673 3489 790 3533 nomen
812 3469 915 3533 abnuo
937 3471 969 3532 et
990 3470 1120 3551 denego.

143 3574 177 3630 30
277 3573 362 3632 Matr.
384 3573 424 3632 d:
451 3567 485 3632 δί
499 3567 591 3631 uobis
608 3567 743 3631 invicem
762 3567 889 3632 nomina
909 3566 1093 3651 impingitis,
1114 3584 1241 3630 necesse
1263 3569 1311 3629 est
1331 3569 1500 3651 utr‘umque

194 3670 335 3731 uestrum
356 3668 434 3731 haec
454 3667 582 3732 nomina
604 3666 680 3750 ipsa,
703 3688 784 3750 quae
806 3667 896 3733 uobis
918 3667 1052 3746 obicitis,
1073 3667 1235 3750 abnegare.

277 3771 331 3831 Ad.
354 3771 404 3850 dr
419 3765 490 3850 Ego
511 3767 617 3832 nescio
640 3765 710 3851 quis
732 3766 774 3830 sit
794 3765 950 3844 Socratem
975 3769 1071 3851 neget
1092 3771 1123 3830 et
1144 3765 1210 3848 ipse
1232 3765 1277 3828 ita
1299 3763 1500 3831 Marcionem.

277 3870 350 3946 Mcp.
372 3871 412 3931 d:
434 3864 578 3931 Marcion
599 3866 764 3949 episcopus
784 3888 873 3930 meus
894 3866 963 3931 fuit

278 3970 331 4030 Ad.
354 3971 394 4030 d:
420 3964 469 4030 Ex
492 3987 555 4049 quo
578 3965 746 4030 defunctus
768 3969 815 4029 est
836 3964 985 4046 Marcion,
1007 3970 1056 4031 tot
1077 3964 1229 4048 episcopi,
1249 3964 1346 4030 imm0
1367 3968 1500 4048 pseudo·

145 4074 177 4128 35
196 4064 335 4148 episcopi
362 4068 446 4148 apud
471 4087 530 4131 uos
556 4066 690 4130 fuenmt
738 4064 802 4130 Cur
831 4064 950 4130 nullius
977 4087 1085 4131 eorum
1111 4065 1267 4131 uocabulo
1293 4063 1425 4143 utimini,
1446 4067 1501 4128 sed

195 4163 293 4228 solius
314 4164 485 4230 Marcionis
507 4165 562 4248 qui
584 4169 616 4229 et
636 4165 772 4230 schisma
793 4166 832 4229 ab
855 4164 987 4230 ecclesia
1007 4165 1126 4249 primus
1148 4164 1241 4230 fecit?

281 4271 318 4326 l?
339 4271 406 4339 quid
423 4271 453 4325 in
470 4270 532 4341 ista]
551 4272 593 4325 Im
611 4269 677 4326 Cod.
695 4272 770 4326 steht
789 4270 878 4340 »quod
895 4271 930 4340 ¹in
947 4271 1025 4326 ista«.
1061 4273 1129 4326 Dem
1151 4287 1197 4326 »o«
1216 4269 1253 4324 ist
1271 4270 1386 4324 aber-
1403 4267 1455 4323 wie
1473 4287 1501 4324 es

195 4353 302 4410 scheint
322 4372 377 4410 von
394 4354 442 4410 der
459 4355 541 4410 Hand
559 4355 606 4409 des
628 4355 784 4410 Sobraibers
804 4385 837 4394 -
855 4356 899 4410 ein
919 4357 958 4410 ›i‹
977 4353 1222 4425 ebergeschrieben
1237 4355 1242 4421 Ι
1258 4353 1297 4409 l?
1315 4352 1380 4409 Cod
1399 4353 1500 4424 episco-

194 4438 251 4510 pali
269 4439 353 4493 cuius.
386 4439 463 4493 »Ali«
482 4439 512 4494 in
532 4437 709 4510 »episcopali«
730 4440 828 4510 gehdrt
845 4459 877 4495 au
898 4441 1013 4506 »cuius«,
1031 4439 1088 4494 und
1105 4440 1154 4493 das
1172 4439 1269 4494 aweite
1288 4438 1327 4492 »i«
1343 4453 1398 4492 von
1417 4437 1500 4508 »epis-

194 4521 283 4593 scopi‹
303 4523 340 4576 ist
359 4523 482 4577 dadurch
497 4523 682 4594 ausgesallen‚
701 4523 763 4578 dass
783 4525 852 4578 ›ali‹
871 4525 923 4579 mit
941 4524 1090 4596 ›episcopi‹
1109 4523 1198 4578 faloch
1214 4521 1374 4580 verbunden
1391 4522 1474 4576 ward.
1496 4523 1500 4592 Ι

194 4607 231 4664 26
258 4609 299 4661 Im
325 4607 391 4662 Cod.
418 4607 488 4662 fehlt
515 4607 616 4661 ›alius‹
645 4626 694 4664 vor
721 4626 788 4680 »ego
815 4608 930 4681 Apollo«
958 4607 1014 4662 und
1043 4625 1125 4680 »ego«
1154 4608 1290 4664 awischen
1317 4606 1417 4660 ›alius‹
1445 4607 1502 4661 und

197 4691 337 4762 »Cephea«
354 4693 358 4760 1
375 4691 413 4747 82
432 4690 501 4761 quis]
521 4691 586 4746 Cod
605 4691 679 4762 quid

248 4776 414 4821 Adamantius.
1275 4776 1291 4830 2
