3744 5528
215 512 327 584 Oaspari
343 511 383 566 IV
400 529 423 567 c.
441 511 549 567 14-16.
806 509 915 580 Dialog.
1460 513 1519 578 173

297 686 352 746 aa
374 685 413 745 d:
434 680 569 763 Accepit
589 682 666 744 deus
691 677 803 743 limum
825 681 976 758 deterre,
1001 682 1038 742 ut
1058 678 1092 742 in
1117 676 1230 743 melius
1257 681 1454 744 conuerteret
1480 699 1521 742 an

214 781 247 845 in
268 781 377 865 peius?

294 886 370 946 Mar.
392 885 432 946 d:
454 878 583 945 Certum
605 882 652 942 est
674 877 749 961 quia
769 877 802 941 in
821 877 942 942 melius

297 984 351 1045 Ad.
373 986 412 1046 d:
439 979 474 1044 Si
502 979 614 1044 limum
644 981 745 1043 terrae
774 999 839 1042 non
865 978 990 1042 erubuit
1020 980 1097 1042 deus
1124 977 1265 1060 accipere
1293 981 1325 1042 et
1349 977 1520 1062 plasmauit

180 1083 308 1164 batque
331 1101 369 1144 ex
388 1079 535 1145 deteriori
560 1077 724 1143 meliorem
749 1078 886 1160 speciem
912 1078 995 1158 fecit,
1026 1079 1186 1161 quomodo
1217 1079 1422 1144 erubescebat
1452 1099 1520 1142 sus·

215 1179 317 1263 cipere
340 1201 435 1264 quem
455 1177 488 1242 in
509 1177 622 1244 melius
643 1177 707 1241 iam
727 1176 914 1260 plasmando
937 1180 1155 1243 conuerterat?

295 1285 371 1345 Mor.
392 1285 434 1344 d:
455 1276 621 1355 Quomodo
642 1278 703 1341 hoc
725 1275 823 1342 dicis?

295 1384 382 1443 Ectr.
403 1383 443 1443 d:
465 1377 523 1442 Ais
545 1379 583 1441 de
604 1376 681 1441 limo
702 1377 861 1441 hominem
883 1379 1022 1441 creatum
1044 1397 1120 1442 esse.
1155 1376 1222 1440 Aut
1242 1398 1307 1441 non
1326 1377 1372 1441 ita
1394 1379 1461 1443 est?

295 1484 371 1544 Mor.
393 1483 431 1542 d:
454 1476 502 1542 lta
524 1480 579 1541 est

162 1578 196 1632 10
294 1582 380 1640 Eatr.
392 1581 433 1642 d:
448 1576 531 1652 Quid
546 1595 621 1660 ergo
636 1580 684 1640 est
696 1575 920 1655 honorabilius,
936 1577 1052 1660 quidne
1065 1575 1212 1656 nobilius,
1226 1575 1321 1642 limus
1336 1580 1391 1641 aut
1404 1578 1519 1643 homo?

294 1680 371 1741 Mor.
392 1680 432 1742 d:
453 1675 567 1740 Homo.

295 1780 380 1839 hlutr.
403 1781 444 1840 d:
476 1774 616 1840 Stultum
647 1780 795 1860 astorgo
823 1777 926 1842 dicere
955 1799 1019 1842 non
1051 1777 1212 1842 erubuisse
1240 1779 1334 1841 deum
1360 1798 1518 1843 assumere

212 1875 245 1939 id
267 1877 353 1958 quod
373 1874 504 1940 inferius
526 1879 593 1939 erat
614 1880 646 1940 et
666 1875 831 1956 abiectius,
858 1878 1039 1942 erubescere
1061 1881 1165 1941 autem
1193 1877 1339 1941 debuisse
1360 1898 1517 1942 assumere

212 1975 333 2058 aliquid
354 1977 393 2039 de
414 1974 605 2040 melioribus.
640 1974 675 2039 Si
697 1975 780 2040 enim
800 1975 912 2041 limum
930 1978 1070 2059 accipere
1091 1999 1157 2042 non
1179 1977 1304 2040 erubuit
1325 1978 1414 2056 deus,
1441 1998 1519 2060 quo-

163 2081 194 2134 15
212 2076 306 2139 modo
321 2073 489 2154 hominem,
511 2077 660 2158 quemad
679 2075 850 2158 imaginem
865 2097 955 2141 suam
973 2075 1099 2156 fecerat,
1121 2096 1279 2140 assumere
1297 2074 1518 2142 erubescebat?

294 2195 319 2238 o.
340 2174 418 2243 XV.
454 2178 509 2240 Ad.
530 2179 570 2238 d:
597 2172 680 2250 Quid
701 2178 807 2239 autem
834 2179 865 2239 et
885 2175 954 2258 ipsa
974 2179 1087 2239 natura
1107 2195 1212 2238 rerum
1240 2177 1278 2238 de
1304 2174 1353 2239 his
1374 2197 1433 2240 nos
1454 2197 1518 2241 non

212 2273 316 2357 arguit
343 2274 417 2357 quia
430 2295 531 2356 usque
552 2274 586 2337 in
607 2271 793 2338 hodiernum
814 2276 947 2339 uerbum
969 2274 1019 2338 dei
1042 2278 1089 2339 est
1111 2275 1198 2357 quod
1218 2272 1354 2356 plasmat
1374 2275 1517 2340 homines

213 2377 244 2438 et
264 2373 401 2438 format?
441 2372 508 2437 Aut
528 2377 563 2436 tu
586 2373 652 2436 sine
674 2374 733 2437 deo
755 2373 834 2438 dicis
860 2373 1010 2456 plasmari
1035 2373 1177 2438 homines
1204 2370 1238 2436 in
1262 2372 1360 2436 uulua
1389 2375 1518 2440 matris?

212 2471 267 2554 (Et
282 2474 441 2555 quomodo
463 2471 512 2536 his
528 2471 696 2536 coelestem
714 2476 746 2536 et
759 2472 978 2537 rationabilem
1001 2472 1146 2556 spiritum
1161 2471 1250 2535 dabit
1271 2492 1350 2554 quos
1364 2495 1430 2539 non
1450 2473 1518 2557 ipse

161 2573 195 2629 20
212 2569 393 2654 formauitt)

293 2676 369 2736 Mar.
390 2675 430 2736 d:
451 2669 523 2753 Ego
545 2669 695 2735 uirtutem
718 2671 768 2736 dci
790 2672 859 2736 dico
880 2671 1036 2755 plasmare
1057 2670 1208 2734 homiues.

293 2775 349 2834 Ad.
371 2774 411 2836 d:
446 2770 533 2834 Audi
562 2788 637 2854 ergo
667 2768 802 2835 Paulum
832 2771 1001 2837 dicentem:
1040 2773 1177 2834 Obrietae
1205 2773 1253 2834 dei
1286 2773 1387 2834 uinus
1417 2780 1443 2834 et
1471 2774 1518 2835 dec·

210 2873 364 2950 saphatia.
401 2869 487 2934 Audi
508 2872 540 2933 et
560 2867 731 2934 Iohannem
757 2869 984 2953 euangelistam
1006 2869 1174 2934 dicentem:
1205 2873 1314 2933 Omnia
1336 2893 1390 2951 per
1413 2874 1517 2951 ipsum

210 2972 290 3049 foeta
310 2979 384 3032 suat
403 2977 429 3032 et
450 2973 516 3032 sirac
535 2973 601 3050 c'pm
622 2973 736 3049 factum
756 2980 799 3033 eat
822 2973 907 3036 nibil.
945 2969 1006 3034 Sed
1029 2974 1060 3034 et
1080 2967 1226 3034 Ieremias
1247 2970 1401 3052 propheta
1423 2971 1516 3034 deum

160 3069 193 3124 25
211 3067 349 3132 ostendit
370 3089 437 3134 esse
458 3067 679 3152 plasmatorem
706 3072 738 3132 ct
762 3067 967 3136 formatorem
988 3069 1159 3146 hominum,
1186 3067 1305 3133 dicens:
1330 3073 1516 3148 Priusquam

211 3171 416 3247 deformarcm
436 3173 471 3232 ta
491 3177 582 3248 atero,
611 3173 689 3232 aoaa'
715 3178 746 3232 te.
782 3166 819 3232 In
845 3188 908 3252 quo
935 3171 967 3233 et
994 3168 1070 3252 quid
1100 3167 1187 3251 prius
1213 3171 1320 3232 nosset
1346 3172 1377 3232 et
1406 3172 1517 3252 postea

209 3267 377 3332 formasset
390 3267 537 3332 ostendit.
559 3265 621 3331 Sed
636 3271 667 3333 et
680 3267 797 3332 Dauid:
819 3272 931 3332 Manae
947 3277 1019 3347 tuae,
1040 3266 1153 3350 inquit„
1173 3272 1304 3348 fecerant
1324 3291 1371 3332 me
1391 3277 1419 3333 et
1432 3272 1515 3350 pta-

208 3377 370 3430 moaeraat
389 3389 445 3431 me.
479 3365 517 3431 ln
539 3364 653 3431 Genesi
677 3388 805 3451 quoque
834 3367 880 3431 ita
906 3367 1056 3451 scriptum
1085 3372 1144 3432 est:
1174 3371 1290 3448 Accepit
1314 3372 1387 3432 deae
1407 3372 1515 3432 limam

208 3469 241 3530 de
264 3475 339 3530 tama
359 3475 386 3530 et
401 3469 569 3548 plasmanti
589 3469 748 3532 homiaem.
783 3466 818 3532 Si
840 3485 914 3552 ergo
936 3466 1112 3532 ostenditur
1130 3488 1168 3531 ex
1188 3467 1237 3531 his
1253 3467 1397 3532 omnibus
1418 3467 1515 3550 scrip·

157 3563 191 3618 30
208 3568 297 3629 turae
317 3565 506 3630 testimoniis
528 3567 614 3649 quod
632 3567 764 3630 uerbum
786 3566 837 3630 dei
856 3570 903 3632 est
924 3568 1009 3649 quod
1028 3565 1164 3649 plasmat
1181 3566 1332 3645 homines,
1354 3568 1514 3650 quomodo

208 3683 401 3747 consequens
427 3666 586 3730 uidebitur
610 3669 702 3748 turpe
723 3664 827 3748 putari
852 3665 979 3745 indeo,
1004 3665 1032 3730 si
1057 3665 1089 3729 id
1117 3665 1298 3730 assumserit
1323 3667 1409 3748 quod
1435 3687 1514 3749 opus

206 3763 305 3846 ipsius
332 3786 399 3829 esse
420 3786 478 3830 nec
499 3764 627 3829 alterius
653 3767 864 3848 approbatur?
897 3765 941 3829 m
967 3767 1125 3849 quomodo
1151 3769 1272 3830 rectum
1298 3765 1400 3829 estid
1428 3768 1515 3848 quod

206 3863 407 3928 inferioribus
428 3864 565 3929 ascribas
586 3865 620 3929 in
640 3864 823 3930 melioribus
845 3887 997 3930 recusare.

289 3985 313 4028 c.
333 3964 431 4032 xvl.
459 3970 534 4030 Mor.
550 3969 589 4030 d:
612 3962 674 4028 Sed
689 3964 766 4048 quid
786 3963 919 4029 facimus
935 3967 975 4028 ad
995 3964 1195 4028 manifestam
1210 3963 1397 4028 sententiam
1417 3962 1513 4046 scrip·

113 4137 116 4142 Ι
154 4066 187 4122 35
205 4067 307 4142 turae,
338 4085 418 4147 quae
449 4064 526 4128 dicit
560 4085 632 4128 eum
661 4063 797 4130 coeleste
827 4085 941 4147 corpus
970 4065 1138 4128 habuisse?
1173 4063 1255 4128 sicut
1283 4064 1317 4127 in
1347 4061 1512 4146 euangelio

204 4160 353 4227 Iohannis
375 4162 527 4246 scriptum
546 4168 606 4228 estt
632 4167 758 4228 Uertuan
779 4187 847 4228 earo
867 4169 982 4245 factam
1002 4173 1045 4228 est
1065 4174 1092 4228 et
1111 4167 1257 4228 hutimait
1272 4167 1307 4226 in
1327 4165 1421 4226 nobie.

291 4429 309 4485 S
327 4427 385 4498 Ais]
403 4427 468 4483 (lod.
481 4428 550 4498 agis.
579 4427 702 4484 Darhber
719 4429 771 4483 mit
788 4431 866 4484 roten
879 4429 1054 4484 Buchstaben
1074 4429 1162 4484 »Ais«.
1191 4429 1266 4482 Statt
1284 4425 1348 4494 »ais
1367 4426 1422 4481 ais«
1441 4426 1511 4481 wird

203 4511 415 4567 incederem
438 4513 521 4582 »agit
540 4512 614 4583 regim
638 4514 830 4582 geschriehen,
855 4513 950 4568 indam
973 4531 1038 4568 man
1060 4531 1108 4568 nur
1130 4512 1318 4581 Vermeidnng
1340 4512 1388 4566 des
1411 4510 1511 4566 Hiatus

90 4671 94 4678 Ι
204 4596 249 4650 cin
268 4613 317 4666 ›g‹
337 4595 467 4654 einschoh
487 4598 492 4665 l
515 4599 551 4654 17
572 4596 636 4654 Cod.
654 4598 739 4653 uerbi.
771 4598 825 4653 Ein
847 4599 933 4653 durch
956 4598 1005 4653 das
1022 4597 1152 4668 folgende
1172 4596 1247 4652 ›dei‹
1266 4596 1512 4667 hervorgerniener

203 4678 303 4734 Fehler
317 4680 322 4748 l
338 4680 428 4747 mh
448 4683 513 4737 Cod.
532 4681 644 4752 scriptu.
