3744 5528
341 449 399 512 152
892 440 1082 498 Adamantius.
1220 441 1261 497 De
1278 440 1307 496 la
1323 443 1382 497 Rue
1400 442 1438 497 lV
1455 444 1643 501 8440-8452.

339 615 391 690 τῆς
411 607 483 689 ὕλης
502 606 765 692 περιγραφόμενον·
788 607 859 674 άλλά
873 607 932 690 μὴν
946 610 994 673 ιιαλ
1009 607 1116 690 ὁμοίως
1130 605 1221 672 αὐτόν
1235 617 1271 697 τῇ
1286 608 1340 698 ὐλη
1355 607 1484 686 άτάιιτως
1498 611 1640 694 φέρεσθαι

340 712 393 791 δεῖ,
415 706 455 790 μὴ
471 711 608 772 ἵστασθαι
624 707 655 772 δὲ
669 708 742 791 μηδὲ
755 710 850 790 μένειν
865 707 956 774 αὐτὸν
970 709 1013 786 ἐφ’
1031 711 1136 774 ἑαυτοῦ
1150 709 1282 793 άνάγκη.Ι
1318 701 1452 789 οὐκοῦν,
1475 711 1504 778 εἰ
1521 705 1643 790 ἄποιος

340 803 520 894 ἐτύγχανεν
541 798 613 895 ὐλη,
637 812 753 895 γέγονε
775 812 811 877 δὲ
831 801 956 895 κόσμος
975 803 1062 894 πρὸς
1081 811 1145 878 τοῦ
1166 812 1259 890 θεοῦ,
1281 811 1318 878 ἐν
1340 810 1376 877 δέ
1398 813 1449 896 τῷ
1471 802 1588 896 κόσμῳ
1609 809 1642 876 αἱ

339 902 531 993 ποιότητες,
552 912 625 976 τῶν
647 904 847 996 ποιοτήτων
862 911 979 995 γέγονε
992 904 1135 995 ποιητὴς
1156 900 1280 988 δθεός.
1315 909 1386 976 ἐπεὶ
1406 910 1442 976 δέ
1456 901 1642 993 άναγιγνω-

306 1012 506 1092 δοκομένου
530 1001 683 1095 πρόσθεν
710 1000 837 1094 ἢκουον
864 1002 911 1087 ῶς
937 1001 1109 1077 άδάνατον
1136 1009 1171 1090 ἐξ
1197 1001 1258 1076 οὐκ
1285 997 1403 1076 ὄντων
1424 1033 1458 1076 τι
1481 1013 1641 1093 γίνεσθαι,

303 1103 426 1194 ἆπρδς
453 1103 517 1194 τὴν
538 1103 704 1194 ἐρώτησιν
730 1100 912 1193 άπόκριναι
934 1102 999 1194 τὴν
1020 1102 1111 1194 ἐμήν.
1154 1111 1248 1176 δοκεῖ
1272 1128 1325 1177 σοι
1349 1103 1410 1188 τὰς
1431 1111 1496 1176 τοῦ
1515 1100 1643 1194 κόσμου

339 1201 527 1293 ποιότητας
547 1202 592 1293 μὴ
614 1209 649 1289 ἐξ
670 1200 903 1293 ὑποκειμένων
925 1202 1126 1294 ποιοτήτων
1149 1211 1337 1294 γεγονέναι,·

422 1311 484 1374 ΔΡ.
521 1310 624 1375 Δοκεῖ.

422 1409 490 1474 ΑΔ.
518 1397 659 1492 Ἕτερον
681 1408 735 1492 <δέ
755 1407 805 1491 τι>
827 1403 920 1491 παρὰ
942 1404 1003 1485 τὰς
1025 1399 1138 1486 οὐσίας
1159 1398 1321 1493 ὑπάρχειν
1342 1399 1462 1488 αὐτάς;

291 1509 324 1564 10
424 1509 484 1572 ΔΡ.
512 1496 652 1590 Ἕτερόν
674 1506 739 1590 <τι>
763 1501 853 1590 παρὰ
877 1502 939 1586 τὰς
961 1498 1073 1584 οὐσίας
1095 1509 1190 1590 λέγω.

424 1607 491 1672 ΑΔ.
530 1598 665 1672 Οὐκοῦν
686 1606 715 1672 εί
735 1599 819 1691 μήτε
840 1605 875 1689 ἐξ
895 1599 1130 1691 ὑποκειμένων
1151 1599 1436 1692 ποιοτήτων-τάς
1456 1598 1643 1688 ποιότητας

342 1700 599 1791 ἐδημιούργησεν
615 1695 634 1771 δ
649 1696 739 1784 θεός,
762 1699 847 1790 μήτε
861 1705 897 1773 ἐκ
913 1709 987 1773 τῶν
1009 1697 1136 1772 οὐσιῶν
1150 1697 1335 1790 ὑπάρχουσι
1349 1707 1401 1790 τῷ
1424 1699 1508 1791 μήτε
1531 1697 1643 1784 οὐσίας

341 1796 446 1883 αὐτάς
468 1798 565 1884 είναι,
593 1805 629 1870 ἐκ
650 1799 695 1890 μὴ
718 1792 833 1880 όντων
856 1797 961 1883 αὐτάς
981 1796 1049 1870 ὐπὸ
1076 1806 1161 1871 θεοῦ
1183 1806 1355 1889 γεγονέναι
1377 1797 1508 1890 ἀνάγκη
1531 1805 1643 1872 εἰπεῖν.

343 1894 427 1970 ὅθεν
452 1906 622 1988 περιττῶς
649 1904 758 1983 δοκεῖς
779 1906 887 1989 λέγειν
909 1896 1080 1972 άδόνατον
1104 1901 1190 1970 εἶναι
1212 1896 1364 1986 δοξάζειν
1385 1905 1420 1986 ἐξ
1444 1896 1506 1972 οὐκ
1528 1893 1644 1971 όντων

292 2009 324 2061 15
344 2004 516 2088 γεγονέναι
538 2004 604 2087 <τι>
626 1997 713 2086 πρὸς
735 2005 798 2070 τοῦ
818 2007 912 2071 θεοῦ.

428 2121 615 2185 ΟῨΑΛΗΣ
638 2120 679 2201 [δὲ
701 2123 738 2202 τί]
770 2118 847 2204 ἔφη·
878 2111 932 2187 Ἑν
962 2115 1077 2204 τούτῳ
1109 2111 1230 2203 άφυῶς
1260 2121 1423 2188 συνέθετο
1456 2121 1642 2204 ΔροσέρισςἸ

344 2213 469 2287 ἄποιον
489 2214 553 2305 τὴν
574 2207 660 2303 ὐλην
681 2211 898 2304 ὑποθέμενος.

427 2321 493 2385 ΑΔ.
533 2321 570 2385 Τί
591 2307 653 2386 οὐν
676 2313 757 2405 φής;
779 2311 1001 2402 συνυπάρχειν
1021 2313 1082 2398 τὰς
1104 2310 1294 2404 ποιότητας
1315 2321 1358 2404 τῇ
1379 2308 1458 2404 ὐλη,·

310 2451 325 2488 e
429 2420 557 2484 OYAA.
592 2410 683 2504 Ἐμοὶ
705 2411 725 2504 ἡ
746 2408 810 2503 όλη
832 2409 1022 2504 ποιότητας
1036 2411 1204 2503 άνάρχους
1225 2417 1311 2503 ἔχειν
1333 2420 1433 2486 δοκεῖ»
1469 2409 1561 2487 οὕτω
1582 2414 1644 2502 γάρ

291 2531 326 2586 20
342 2520 399 2586 καὶ
425 2513 500 2602 <τὰ>
521 2511 608 2584 κακά
631 2519 667 2585 ἐκ
689 2520 750 2603 τῆς
776 2509 963 2603 ἀπορροίας
990 2510 1093 2604 αὐτῆς
1116 2515 1201 2586 εἶναι
1223 2519 1326 2603 λέγω,
1358 2518 1412 2586 ίνα
1433 2521 1507 2586 τῶν
1527 2520 1645 2586 κακῶν

343 2608 363 2684 ό
384 2619 445 2703 μὲν
466 2612 549 2696 θεὸς
569 2609 723 2697 άναίτιος
745 2607 776 2702 ᾖ,
799 2612 935 2685 τούτων
956 2620 991 2684 δὲ
1013 2610 1157 2685 πάντων
1179 2609 1200 2702 ἦ
1221 2608 1285 2704 ὐλη
1305 2619 1404 2685 αίτία.

426 2716 492 2783 ΑΔ.
531 2709 615 2784 Οὐδὲ
631 2721 682 2804 τῷ
698 2718 773 2803 ἰδίῳ
789 2710 978 2802 διδασκάλῳ
996 2709 1213 2802 Οὐαλεντίνου
1232 2709 1364 2802 Οὐάλης
1381 2719 1545 2798 πείθεται,
1568 2709 1645 2786 άνα-

343 2819 481 2902 τρέπων
503 2809 609 2885 αὐτοῦ
631 2809 672 2883 τὸ
694 2808 806 2902 δόγμα.
825 2821 830 2899 Ι

273 2915 323 2972 845
428 2919 558 2983 ΟῩΑΛ
601 2918 636 2982 Τί
658 2907 843 3001 άνέτρεψα,·

293 3011 326 3066 25
426 3018 494 3083 ΑΔ.
532 3008 756 3094 Οὐαλεντίνος
778 3009 981 3101 δημιουργὸν
1003 3018 1063 3102 τῆς
1084 3004 1166 3102 ὐλης
1187 3010 1351 3083 τὸνθεόν
1366 3007 1584 3102 ἀπεκρίνατο,
1606 3013 1646 3082 οὐ

345 3116 379 3183 δὲ
407 3110 472 3201 φὴς
498 3118 554 3182 καὶ
582 3108 708 3184 οὐσιῶν
733 3107 923 3200 ποιότητας
945 3110 1009 3202 τὴν
1034 3105 1121 3202 ὐλην
1142 3109 1309 3200 άνάρχους
1332 3115 1425 3201 ἐχειν.
1468 3119 1563 3194 τίνος
1585 3104 1646 3182 οὐν

345 3215 437 3283 ἔσται
458 3211 603 3302 ποιητὴς
623 3218 680 3283 καί
702 3211 900 3300 δημιουργὸς
923 3206 942 3283 ό
964 3208 1060 3297 θεός;

431 3315 560 3382 ΟῩΑΛ.
601 3307 634 3380 ‘0
655 3308 735 3393 θεὸς
758 3309 956 3401 δημιουργός
977 3315 1048 3383 ἐστι
1069 3317 1135 3383 τοῦ
1155 3309 1289 3400 κόσμου.

430 3599 447 3655 2
467 3593 557 3670 ἐαυτῷ
570 3599 643 3652 A¹B¹
658 3599 663 3665 Ι
679 3599 697 3653 8
715 3597 731 3667 ἣ
749 3593 800 3667 ὐλη
812 3599 897 3654 Μείλι.
913 3599 951 3666 14
969 3598 1053 3652 Meth.
1066 3599 1137 3653 nach
1150 3599 1266 3666 ποιητὴς
1279 3594 1294 3652 δ
1308 3596 1388 3662 θεὸςε
1410 3594 1526 3667 Οὐάλης.
1553 3592 1647 3663 Οὐτως

345 3677 410 3755 ἔχει
439 3675 612 3755 Ὀρθδδοξος.
641 3675 717 3737 Ἐπεὶ
728 3681 757 3738 δέ
769 3701 821 3739 σου
832 3683 881 3739 καὶ
899 3681 1033 3752 λέγοντος
1050 3681 1177 3755 πρόσθεν
1191 3677 1247 3738 κτὲ.
1264 3685 1267 3750 Ι
1283 3679 1344 3737 ἐπεὶ
1361 3682 1400 3752 δε]
1419 3679 1512 3751 ἐπειδη
1531 3681 1647 3750 ΟΙλΕΗΙ

344 3773 362 3823 5
379 3769 512 3840 γίνεσθαί
527 3786 555 3823 τι
572 3767 657 3821 Meth.
677 3769 681 3836 Ι
701 3768 721 3823 θ
738 3764 876 3840 ἐρώτησιν
893 3768 979 3822 Μοίλτ.
996 3767 1066 3834 Rus„
1088 3764 1238 3838 άτιόκρισιν
1259 3766 1284 3821 d.
1302 3767 1372 3822 HSS.
1397 3769 1401 3835 Ι
1425 3767 1442 3822 θ
1460 3765 1533 3822 δέτι
1553 3766 1646 3830 Μελλι,

345 3853 443 3921 ME,
455 3852 523 3908 δέτι
535 3861 569 3911 <
581 3853 675 3907 d.i1br.
690 3853 695 3920 Ι
712 3853 751 3908 10
763 3871 790 3906 τι
802 3861 835 3910 <
849 3852 873 3906 d.
886 3851 956 3905 HSS.
973 3855 977 3920 Ι
993 3846 1222 3924 ἕτερον-λέγω]
1237 3847 1326 3918 οὕτως
1338 3847 1395 3922 ἔχει
1407 3852 1493 3907 Μελλι.
1509 3852 1513 3920 Ι
1530 3850 1566 3907 12
1579 3850 1647 3919 μηδὲ

346 3936 444 4003 οὐσίας
455 3939 541 3992 Μελλι.
557 3937 561 4002 Ι
578 3937 617 3993 14
635 3933 740 4002 ἐδόκεις
756 3955 806 4005 μοι
818 3937 904 3991 Meth.
920 3939 924 4006 Ι
940 3935 1067 4004 δοξάζειν
1084 3936 1167 3990 wirkt
1178 3937 1208 3990 in
1221 3936 1322 3992 diesem
1335 3937 1414 3991 θελοι
1428 3937 1548 4002 ελδεειιύ,
1564 3934 1649 3990 findet

346 4023 404 4078 sich
422 4022 488 4077 aber
503 4020 532 4075 in
551 4021 625 4075 allen
643 4021 714 4075 HSS.
733 4039 758 4075 u.
776 4023 806 4075 in
824 4022 910 4075 Meth.
930 4025 934 4088 Ι
956 4023 991 4077 15
1009 4018 1158 4091 γεγονέναι
1175 4040 1202 4077 τι
1220 4020 1304 4076 Meth.
1323 4022 1393 4088 Rufi,
1410 4019 1560 4092 γεγονέναι
1578 4021 1650 4076 ohne

345 4127 372 4162 τι
391 4107 416 4163 d.
434 4107 514 4171 HSS.,
537 4105 671 4178 γεγάνετε
689 4107 725 4161 B¹
744 4107 749 4173 Ι
769 4107 800 4160 In
818 4106 843 4160 d.
861 4105 941 4168 HSS..
959 4123 1071 4176 ausgen.
1089 4107 1149 4171 FH,
1172 4105 1247 4161 lesen
1270 4107 1321 4162 wir
1343 4103 1493 4178 γεγονέναι
1510 4103 1583 4176 πρδς
1599 4112 1649 4161 τοῦ

345 4196 426 4248 θεοῦ.
463 4188 571 4259 Οὐάλης
588 4191 618 4246 δέ
635 4191 663 4245 τί
681 4184 734 4260 ἐφη
752 4186 808 4246 κτὲ.
827 4191 868 4245 als
886 4190 1072 4245 fortlaufende
1089 4190 1165 4246 Rode
1183 4191 1230 4244 des
1249 4191 1301 4245 Ad.
1330 4191 1365 4246 So
1384 4193 1454 4246 auch
1472 4191 1498 4247 d.
1516 4191 1535 4247 l.
1552 4191 1584 4246 R.
1618 4190 1650 4242 In

346 4277 393 4331 ΡΗ
410 4277 447 4330 ist
463 4275 513 4330 der
529 4274 616 4330 Name
630 4272 739 4343 Οὐάλης
754 4275 807 4330 mit
823 4277 898 4330 rotor
908 4275 989 4329 Tinte
1008 4275 1184 4345 gesohrieben
1201 4275 1259 4330 und
1275 4275 1347 4330 fehlt
1363 4275 1400 4332 δὲ.
1431 4274 1494 4345 vgl.
1512 4274 1573 4329 Ruf.
1602 4273 1649 4328 Ich

345 4361 417 4415 habe
434 4361 462 4415 τί
480 4359 719 4430 eingeklammert,
749 4376 777 4413 es
798 4361 848 4414 hab
865 4359 923 4414 sich
942 4376 990 4414 ιιυε
1009 4359 1057 4414 der
1078 4361 1309 4430 vorangehenden
1329 4359 1402 4415 Zeile
1419 4360 1528 4414 hierher
1545 4359 1649 4412 verirrh

346 4446 377 4499 In
394 4446 420 4499 H
438 4445 512 4498 steht
530 4463 578 4499 vor
595 4444 658 4498 dem
669 4444 776 4498 Namen
791 4441 899 4513 Οὐάλης
917 4461 962 4498 am
973 4443 1070 4498 Raude
1088 4438 1185 4514 ἕτερος
1200 4447 1204 4510 Ι
1222 4445 1329 4501 19-21
1349 4441 1414 4512 ἐμοί
1426 4442 1487 4512 -η
1506 4437 1556 4512 ὐλη
1575 4440 1649 4498 αίτία

345 4529 439 4588 leth.
455 4529 492 4587 B.
510 4527 540 4586 S.
559 4529 598 4585 28
619 4531 623 4596 Ι
644 4529 682 4585 19
701 4525 832 4599 άνάρχως
850 4529 934 4584 Meth.
957 4531 960 4596 Ι
982 4530 1021 4585 20
1039 4525 1073 4584 τά
1093 4528 1177 4582 Μολλι.
1196 4529 1247 4594 BF,
1269 4539 1302 4587 <
1319 4528 1345 4582 d.
1363 4529 1422 4582 iibr.
1438 4529 1442 4593 Ι
1459 4529 1495 4583 21
1516 4522 1650 4583 ἁπάντων

346 4613 430 4669 λῐούλι.
446 4617 450 4682 Ι
467 4614 553 4678 m?
577 4615 701 4677 Τίνος-
715 4612 885 4685 δημιουργὸς
903 4610 919 4668 δ
937 4615 1007 4679 θεὸς
1024 4613 1118 4669 leth.
1136 4613 1172 4670 B.
1190 4613 1221 4671 S.
1235 4613 1274 4669 29
1290 4615 1294 4680 Ι
1311 4614 1347 4668 ⁶27
1367 4613 1416 4668 καί
1434 4614 1496 4682 δημ.
1515 4622 1548 4671 <
1566 4612 1649 4667 Μελλι.
