3744 5524
239 464 351 536 Casperi
368 465 395 519 11
412 482 435 520 e
454 467 495 522 16.
514 470 554 521 17.
833 467 943 539 Dielog.
1505 480 1545 541 93

323 639 378 698 Ad.
400 639 440 700 d.:
462 633 599 700 Ostende
621 657 716 720 quem
737 642 911 702 creaturam
932 659 1048 702 nouam
1067 638 1228 718 creauerit,
1249 643 1305 703 eut
1319 643 1404 723 quod
1424 641 1546 707 coelum

240 755 358 798 nouum
379 734 432 799 uel
454 757 548 819 quem
570 740 686 801 terrem
707 757 823 800 nouem
841 737 1037 820 produxerit,
1063 737 1117 803 uel
1135 759 1229 823 quem
1247 739 1408 804 hominem
1427 762 1546 806 nouum

240 831 358 899 fecerit
405 833 472 898 Aut
502 857 567 900 non
592 834 751 918 intellegis
781 835 857 919 quie
887 839 995 902 eedem
1026 841 1226 920 permanente
1256 838 1444 918 substantie,
1475 861 1547 904 cum

239 931 439 1014 innouentur,
461 956 497 998 ee
518 955 598 1019 quee
619 938 727 1000 uetere
748 939 822 999 sunt
842 958 927 1001 noua
950 938 1167 1020 appellentur?

204 1034 220 1086 5
321 1037 409 1099 aaa.
422 1039 461 1100 d.:
476 1032 572 1100 Noae
585 1034 745 1100 ueteribus
759 1038 933 1100 secundum
947 1037 1110 1102 materiem
1124 1036 1203 1101 nihil
1213 1035 1546 1104 differuntsedsecun·

239 1134 313 1197 dum
335 1155 414 1217 opus
436 1135 489 1200 uel
508 1138 642 1218 tempus,
667 1138 703 1198 ut
723 1134 751 1198 si
773 1135 844 1218 quis
865 1136 944 1201 uelit
967 1159 1044 1202 uese
1069 1140 1176 1201 uetere
1198 1136 1399 1223 confringens
1420 1160 1546 1203 rursum

239 1231 403 1298 refundere
419 1238 450 1298 et
464 1233 498 1298 in
509 1255 593 1300 noae
605 1255 641 1297 ee
654 1235 758 1316 specie
767 1256 919 1317 reperere,
935 1235 1001 1300 sine
1013 1235 1118 1314 dubio,
1132 1237 1222 1302 uerbi
1236 1258 1330 1302 eeuse
1344 1236 1371 1302 si
1381 1241 1546 1322 argentum

238 1332 292 1410 sit,
322 1355 443 1399 nouum
464 1355 497 1398 se
518 1333 633 1398 hebere
655 1333 733 1400 dicit
753 1339 932 1418 argentum,
961 1355 1034 1398 cum
1055 1335 1165 1418 utique
1192 1336 1297 1419 ipsum
1318 1337 1360 1402 sit
1380 1342 1547 1420 argentum

239 1435 412 1498 secundum
433 1433 597 1498 materiem
619 1435 704 1516 quod
725 1437 797 1497 ente
818 1433 922 1498 fueret
942 1437 1042 1499 uetus.
1077 1433 1125 1499 Ut
1144 1435 1237 1500 uideo
1262 1455 1346 1521 ergo,
1368 1438 1463 1502 etiam
1487 1437 1547 1502 hoc

188 1538 222 1592 10
240 1534 325 1615 quod
346 1534 466 1598 bonum
487 1537 519 1597 te
540 1533 710 1616 protulisse
732 1535 880 1598 credebas
910 1534 1064 1617 scriptum
1085 1533 1247 1599 inuenitur
1267 1535 1301 1600 in
1322 1535 1402 1621 lege,
1424 1541 1456 1601 et
1475 1536 1547 1603 ideo

239 1631 432 1713 superfluum
459 1638 506 1698 est
534 1632 629 1697 etiem
656 1633 759 1698 dicere
785 1633 883 1697 eliam
905 1655 972 1700 esse
999 1637 1093 1698 deum
1119 1633 1175 1716 qui
1196 1633 1253 1698 illa
1278 1636 1489 1718 mendeuerit,
1516 1641 1548 1702 et

240 1728 302 1794 nlie
323 1751 390 1794 esse
412 1733 570 1814 dogmate,
593 1753 666 1798 eum
686 1733 805 1816 ubique
827 1737 936 1798 eedem
958 1733 1137 1818 conscripto
1157 1732 1346 1817 relegentur.

323 1851 347 1894 a
368 1829 490 1900 XVII.
524 1836 579 1896 Aa.
601 1836 640 1898 d.:
662 1830 705 1896 Et
726 1833 828 1896 edhuc
846 1831 1043 1897 manifestius
1062 1832 1181 1898 Peulus
1201 1833 1326 1898 edocuit
1348 1838 1434 1919 quod
1448 1835 1548 1919 pleni-

238 1933 316 1994 tudo
338 1929 418 2013 legis
441 1931 484 1994 sit
504 1931 639 1996 dileetio.
681 1930 737 2010 Et,
764 1931 791 1996 si
812 1932 929 2015 placet,
955 1931 1028 2015 lego
1050 1930 1157 1998 locum
1177 1932 1211 1996 in
1233 1955 1296 2016 quo
1318 1934 1471 2018 scriptum
1493 1940 1548 2000 est.

189 2045 221 2098 15
239 2027 288 2093 Ite
310 2051 446 2113 nemque
461 2030 538 2095 dicit
551 2032 726 2114 apostolus:
752 2036 838 2106 Quod
850 2037 932 2096 enim
946 2036 1033 2095 dicit:
1056 2037 1127 2096 Noa
1146 2037 1263 2109 accides,
1284 2055 1349 2097 aaa
1363 2037 1549 2112 adulterabis,

239 2153 300 2193 aon
329 2134 489 2208 sarabaris,
520 2141 547 2194 at
574 2136 603 2194 si
631 2135 705 2212 qaid
733 2137 817 2196 atiud
837 2141 879 2196 aet
899 2137 1087 2211 mandatam,
1118 2138 1152 2196 ic
1173 2136 1329 2196 heccardo
1350 2144 1547 2198 restauratur:

238 2233 354 2310 Dilipas
379 2233 556 2312 praeimam
588 2240 676 2294 taam
705 2236 783 2295 atat
813 2241 838 2295 te
867 2237 977 2312 picam.
1029 2235 1145 2296 Caritas
1168 2237 1310 2314 proram
1340 2237 1457 2297 malam
1484 2256 1548 2297 aaa

239 2340 388 2411 operatam
404 2333 562 2410 plenitudo
583 2352 650 2410 erpo
672 2334 744 2411 lepis
764 2341 806 2396 eat
826 2337 943 2395 mattae.

321 2433 472 2494 Marad:
494 2426 693 2494 Resteuretio
715 2431 776 2496 hoc
796 2430 916 2494 indicat
937 2431 1022 2514 quod
1044 2429 1150 2514 priore
1171 2430 1275 2495 solute
1297 2435 1380 2495 sunt.

188 2538 223 2593 20
323 2533 409 2592 Eatr.
430 2532 469 2592 d.:
484 2527 604 2591 Audiui
625 2528 791 2594 recitatum
813 2550 880 2594 esse
902 2530 940 2592 de
960 2529 1104 2613 apostolo
1127 2532 1212 2613 quod
1231 2529 1395 2612 plenitudo
1412 2529 1493 2614 legis
1508 2531 1549 2593 sit

241 2628 362 2692 ceritas.
405 2626 440 2692 Si
462 2646 551 2710 ergo,
583 2627 634 2692 cui
656 2629 743 2692 deest
765 2627 900 2711 aliquid,
932 2628 1153 2712 adimpleatur,
1184 2650 1250 2694 non
1279 2628 1390 2711 utique
1412 2628 1549 2694 alienum

242 2727 301 2792 erit
319 2726 401 2791 illud
422 2726 494 2810 <eb>
517 2748 563 2807 eo,
587 2729 672 2812 quod
694 2727 859 2810 adimpleri
876 2727 1000 2806 dicitur,
1023 2729 1078 2792 sed
1100 2726 1192 2792 uelde
1214 2726 1388 2812 proprium,
1411 2732 1442 2792 et
1464 2733 1549 2812 quod

239 2830 432 2891 restauretur
452 2849 516 2892 non
537 2827 647 2911 utique
668 2827 806 2891 alienam
829 2848 867 2891 ex
889 2826 992 2891 elieno
1019 2832 1187 2910 reperetur.

323 2931 377 2990 Aa.
399 2931 438 2992 d.:
461 2926 648 2992 Euidentius
670 2927 773 2990 edhuc
795 2924 935 2993 seluetor
954 2929 1022 3009 ipse
1044 2927 1218 2991 declareuit
1233 2926 1267 2990 in
1282 2926 1457 3011 cuengelio,
1477 2949 1547 2993 cum

189 3034 223 3088 25
240 3026 424 3091 accessisset
444 3030 485 3090 ed
507 3049 577 3091 eum
600 3026 738 3110 quidem,
761 3026 867 3091 dicens
889 3027 930 3091 ei:
960 3031 1103 3107 Maptster
1123 3030 1203 3105 boae,
1225 3030 1298 3108 qaid
1317 3030 1432 3105 sarteas
1452 3033 1549 3092 airam

240 3136 389 3190 aeternnm
408 3131 593 3206 weeeqaar?
636 3131 689 3190 Ait
709 3131 737 3190 ai
756 3131 852 3191 Iasae:
884 3131 964 3200 Quid
987 3149 1035 3190 me
1056 3131 1130 3190 dicis
1151 3129 1287 3189 bonam?
1328 3129 1423 3190 Nemo
1445 3132 1549 3207 bonae,

239 3231 303 3290 acet
323 3249 407 3290 aare
426 3229 506 3290 deae.
537 3225 581 3290 Et
602 3225 717 3290 adiecit
738 3227 857 3290 dicens:
880 3231 1023 3292 Mandata
1043 3231 1134 3290 aceti:
1157 3229 1228 3288 Noa
1249 3229 1367 3305 occidas,
1389 3249 1453 3291 coa
1467 3233 1548 3292 adal·

241 3329 353 3404 arare,
373 3348 437 3389 noa
456 3329 614 3407 furatae,
639 3348 702 3389 ean
723 3330 838 3405 sanem
860 3330 1062 3390 testimoniam
1083 3329 1170 3402 derce,
1191 3329 1306 3388 honam
1322 3337 1440 3405 patrem
1461 3337 1549 3391 team

239 3436 266 3490 et
290 3435 417 3488 matram
439 3434 529 3488 taam.
572 3432 612 3488 At
639 3429 687 3488 aaa
708 3431 762 3489 ait:
792 3429 872 3490 Hace
893 3430 996 3488 omnia
1017 3429 1141 3488 semmai
1161 3447 1180 3487 a
1201 3429 1357 3490 decantata
1377 3449 1451 3491 mea.
1493 3433 1548 3492 Ja-

188 3538 222 3592 30
238 3530 387 3607 speram
407 3548 479 3590 aero
500 3528 587 3588 Iasae
609 3529 679 3588 dicit
699 3530 738 3589 ei:
777 3530 877 3589 Uaean
896 3529 949 3588 titi
972 3532 1069 3588 restat.
1116 3528 1208 3602 Uada,
1236 3529 1341 3588 omnia
1366 3548 1441 3606 qaae
1462 3531 1549 3590 aare

238 3629 333 3702 cende
353 3635 380 3688 at
399 3628 438 3688 da
453 3628 646 3705 pauperibus,
668 3634 694 3688 et
714 3629 831 3688 Iubebis
852 3629 1027 3688 thesauram
1048 3629 1084 3686 tn
1110 3629 1194 3688 coelo.

321 3729 408 3788 datr.
429 3729 468 3788 d.:
498 3722 647 3803 Intueris,
668 3723 786 3802 Meroe,
809 3723 958 3788 admirari
979 3723 1077 3789 nimio
1099 3727 1227 3807 stupore
1249 3744 1358 3787 omnes
1381 3723 1549 3803 auditores,

324 3873 342 3928 2
362 3873 427 3928 Cod.
446 3871 608 3943 predixerit,
634 3872 687 3927 mit
710 3891 756 3926 »u«
781 3873 850 3928 dber
871 3873 935 3927 dem
952 3875 1042 3928 ersten
1062 3872 1100 3925 »i«
1127 3873 1131 3940 Ι
1157 3872 1244 3936 211121
1265 3870 1340 3941 quod
1358 3871 1548 3942 plenitudo-

238 3957 349 4028 cerites]
370 3957 504 4013 »Caritas«
525 3958 633 4013 lrommt
650 3957 689 4012 im
707 3975 746 4027 gr.
765 3957 893 4028 Originel
909 3957 988 4012 nicht
1004 3974 1065 4023 vor,
1087 3957 1146 4010 und
1161 3954 1223 4011 Rus.
1243 3955 1322 4010 hdtte
1345 3954 1395 4010 dee
1411 3955 1490 4011 nicht
1507 3975 1546 4012 er·

238 4047 345 4113 genuen
362 4042 460 4098 sellan.
494 4043 549 4097 Der
567 4042 640 4097 Verf.
658 4042 762 4112 sprieht
783 4041 843 4096 hier
864 4041 944 4097 nicht
961 4058 1015 4096 von
1033 4041 1081 4097 der
1098 4041 1194 4107 Liebe,
1221 4040 1340 4096 condem
1357 4058 1410 4095 nnr
1426 4057 1481 4095 von
1499 4041 1547 4096 der

237 4127 402 4199 Bedeutung
411 4127 458 4182 des
464 4128 727 4200 Wcrteattpapa.
737 4127 798 4181 —B
813 4129 818 4194 1
834 4126 873 4180 22
884 4125 926 4196 eo]
937 4125 1050 4196 Gesperi
1060 4125 1125 4182 »ei«.
1138 4127 1186 4181 Ich
1195 4125 1268 4180 habe
1279 4125 1345 4178 »ab«
1356 4124 1547 4195 hinangefflgt.

237 4241 269 4250 -
288 4212 311 4267 B
331 4213 336 4280 Ι
354 4210 392 4268 21
413 4216 442 4269 et
459 4213 605 4268 adiecit-
616 4211 701 4282 need]
718 4211 780 4266 Rus.
798 4211 866 4265 send
887 4209 932 4266 die
954 4211 1119 4266 fehlerhet’ee
1137 4211 1192 4266 LA.
1212 4203 1292 4274 οἶδας
1309 4207 1395 4264 echon
1412 4208 1442 4263 in
1460 4210 1548 4264 seiner

237 4296 358 4367 Vorlage
374 4297 432 4353 und
450 4297 602 4364 vereuahte,
619 4295 672 4352 wie
684 4295 868 4367 gewohnlich‚
887 4295 950 4352 dem
963 4281 1038 4352 Ubel
1055 4294 1226 4352 abrahelfen.
1256 4293 1355 4360 „Itufin
1372 4293 1547 4348 verteuschte

238 4380 324 4436 daher
340 4382 386 4437 die
404 4381 719 4452 Einfflhrangsiormeln,
740 4379 833 4435 indem
851 4397 936 4436 erre
955 4383 990 4438 20
1008 4381 1094 4436 durch
1114 4385 1152 4434 »et
1168 4378 1270 4434 adara
1286 4378 1393 4432 daea«
1414 4377 1546 4442 einleitet,

238 4465 296 4522 elsa
313 4465 416 4522 wieder
433 4485 481 4522 aur
497 4467 681 4537 Fertsetaung
698 4465 746 4520 der
762 4465 838 4521 Rede
855 4466 920 4522 Jcsu
936 4465 967 4521 in
984 4483 1023 4522 vs.
1042 4468 1074 4522 19
1092 4465 1213 4530 rnechte,
1237 4462 1294 4517 und
1312 4462 1438 4533 degegen
1456 4481 1495 4518 vs,
1513 4465 1544 4518 21

239 4555 283 4605 »at
299 4551 347 4605 ille
364 4553 429 4618 ait«,
447 4552 542 4608 sodase
560 4550 618 4606 dies
636 4553 692 4606 eret
710 4550 756 4606 die
772 4551 901 4607 Antwort
918 4551 966 4607 des
983 4551 1131 4623 Jdnglinge
1148 4549 1211 4604 istc‘
1246 4549 1329 4612 Zehn,
1347 4567 1368 4602 s.
1381 4549 1461 4602 Anm.
1479 4565 1501 4602 z.
1520 4546 1546 4600 d,
