3744 5528
217 494 328 567 Cespsn'
346 495 371 550 V
390 513 412 550 c.
432 497 471 553 16.
490 499 531 551 17.
814 497 923 568 Dielog.
1463 505 1523 568 209

297 671 383 730 Eutr.
405 671 444 731 ct:
473 665 578 731 Homo
601 652 728 750 quidem
754 665 961 731 substantiam
988 665 1129 749 corporis
1155 689 1173 730 s
1199 688 1296 749 puero
1322 667 1445 747 hebere,
1475 666 1523 730 in·

215 769 373 829 crementa
390 787 466 830 uero
484 766 585 849 ipsius
604 765 798 830 substantiae
817 787 897 849 quue
912 767 951 830 eb
966 765 1055 830 initio
1071 764 1133 829 fuit
1148 767 1351 848 postmodum
1365 767 1524 850 suscipere

215 864 293 928 mihi
313 866 448 946 uidetur,
473 867 614 931 sednon
635 864 886 930 immutationem
913 865 979 930 eius
1001 865 1076 948 peti.
1103 863 1198 930 Unde
1220 869 1251 929 et
1273 864 1432 931 cicatrices
1454 887 1524 949 per-

215 985 340 1028 manere
362 964 465 1030 solent
485 987 586 1048 usque
606 967 647 1028 ed
667 967 861 1028 senectutem
877 969 908 1029 et
928 966 1141 1030 membrorum
1155 963 1356 1030 abscisiones.
1392 963 1435 1029 Et
1452 965 1523 1030 ideo

181 1078 198 1131 5
216 1061 408 1146 superfluum
428 1064 508 1128 mihi
529 1065 655 1129 uidetur
676 1063 778 1128 dicere
800 1064 875 1146 quie
896 1087 953 1147 pro
976 1084 1020 1142 eo,
1046 1057 1131 1147 qued
1153 1062 1263 1128 defluit
1284 1085 1412 1148 corpus,
1439 1064 1524 1129 uliud

216 1162 360 1227 efficitur.

302 1781 327 1823 c.
347 1759 468 1828 XVII.
503 1766 580 1826 Mar.
594 1764 635 1825 d.:
657 1758 691 1824 si
709 1762 771 1826 hcc
792 1764 878 1845 quod
897 1782 1031 1844 spuere
1051 1782 1165 1844 corpus
1180 1761 1358 1843 accepimus
1381 1767 1412 1828 et
1425 1785 1526 1847 usque

218 1861 258 1922 ed
283 1863 477 1924 senectutem
497 1859 659 1942 permanet
684 1859 789 1942 ipsum
815 1860 892 1925 dicit
917 1879 1091 1945 resurgere,
1118 1860 1203 1925 dicet
1225 1861 1295 1944 quis
1318 1862 1377 1926 erit
1398 1861 1526 1946 sanguis

219 1957 274 2041 qui
295 1979 366 2023 cum
387 1979 518 2042 corpore
539 1963 769 2024 resurrecturus
792 1964 846 2039 est,
867 1959 921 2025 ille
944 1959 1007 2043 qui,
1033 1981 1104 2025 cum
1125 1981 1207 2024 uene
1227 1966 1427 2044 pungeretur,
1452 1960 1526 2026 sub-

167 2072 200 2126 10
219 2059 331 2122 ductus
354 2062 408 2138 est,
434 2057 487 2121 uel
512 2059 545 2122 in
571 2059 812 2142 quibuscunque
838 2059 962 2124 casibus
985 2058 1116 2124 defluxit
1137 2073 1175 2124 ex
1200 2059 1389 2125 hominibus.
1425 2059 1527 2136 Quam

218 2155 347 2239 plurimi
369 2156 452 2220 enim
474 2158 637 2223 hominum
658 2179 714 2240 per
735 2180 834 2223 annos
861 2158 1003 2241 singulos
1030 2180 1122 2223 curae
1149 2181 1243 2224 cause
1275 2162 1313 2224 de
1338 2160 1428 2225 uenis
1456 2183 1527 2225 sen·

219 2255 346 2339 guinem
377 2258 574 2321 subtrahunt
612 2256 707 2322 Dicet
737 2276 825 2341 ergo,
858 2258 930 2341 quis
960 2258 1019 2322 crit
1049 2259 1177 2342 sanguis
1212 2260 1267 2342 qui
1298 2280 1370 2323 cum
1400 2259 1527 2325 homine

218 2358 380 2438 resurget?

302 2458 358 2518 Ad.
379 2459 420 2520 ct:
450 2454 642 2538 (Secundum
672 2456 843 2538 scripturus
874 2455 1001 2540 quidem
1032 2461 1260 2522 sacramentum
1289 2457 1527 2521 resurrectionis

169 2567 202 2621 15
219 2552 315 2637 longe
344 2553 431 2618 eliud
461 2554 600 2638 requirit.
635 2552 764 2635 Uerum,
795 2556 869 2638 quie
897 2556 970 2620 inde
1001 2555 1168 2621 deuolutus
1199 2579 1240 2636 es,
1269 2578 1326 2639 per
1352 2557 1430 2621 heec
1458 2556 1527 2640 ipss

221 2655 428 2736 respondeum
455 2676 536 2737 quae
561 2652 732 2736 proponis.)
767 2653 858 2719 Latet
881 2659 912 2719 te
939 2656 999 2719 hoc
1029 2657 1115 2739 quod
1140 2654 1200 2734 illi,
1231 2656 1285 2739 qui
1311 2676 1403 2720 curae
1433 2677 1529 2722 ceusu

293 4389 408 4446 14-16
426 4389 580 4445 Secundum
591 4419 625 4428 -
637 4391 765 4459 proponis
783 4388 854 4444 fehlt
870 4389 900 4444 in
918 4389 972 4443 den
989 4407 1029 4460 gr.
1047 4389 1117 4444 HSS.
1147 4389 1387 4444 thrscheiniich
1404 4389 1465 4444 eine
1482 4389 1529 4444 Er·

223 4475 377 4546 weiterung
387 4473 500 4538 Rufius,
519 4473 566 4528 der
578 4473 673 4528 soiche
685 4473 880 4546 Einleitungen
891 4473 969 4529 liebt
986 4475 1053 4528 -B
1069 4475 1074 4543 Ι
1090 4475 1126 4532 15
1144 4474 1230 4545 eliud]
1245 4474 1310 4529 eod.
1323 4473 1436 4544 aliquid.
1465 4473 1530 4544 Vgl.

224 4563 304 4613 Anm.
323 4577 346 4614 z.
364 4559 377 4612 1
396 4559 428 4614 10
455 4557 541 4614 »etio«
567 4560 600 4612 st
625 4557 749 4626 »aliquo«
779 4558 942 4626 (vielleicht:
967 4559 1043 4614 eliud
1065 4559 1183 4628 aliquid,
1206 4559 1261 4630 vgl.
1280 4560 1304 4613 V
1323 4575 1344 4614 c.
1363 4559 1404 4615 26.
1424 4589 1458 4598 -
1469 4560 1502 4628 Β)
1526 4560 1530 4626 Ι

225 4643 290 4700 Cod.
308 4643 463 4713 requirtiur.

277 4728 443 4774 Adamantius.
1289 4732 1321 4783 14
