3744 5524
250 499 363 571 Gespari
380 500 407 554 11
425 515 447 554 e.
467 503 506 556 17.
526 502 567 557 18.
850 506 959 578 Dialog.
1517 513 1557 574 95

252 671 337 752 quod
363 669 551 736 mirabiliter
575 671 708 754 prolatis
734 674 923 740 testimoniis
948 673 1065 738 ueritas
1091 672 1322 756 comprobetur.
1363 671 1433 752 Ille,
1465 695 1560 758 quem

251 769 378 834 dicebas
404 770 528 836 uenisse
557 775 594 836 ut
620 771 758 838 solueret
787 775 891 859 legem
921 773 1150 856 contrariisque
1179 771 1270 837 nouis
1301 772 1448 852 decretis,
1480 772 1561 836 dixit

252 871 281 934 ei
308 869 364 954 qui
390 891 423 933 se
449 869 571 934 dixerat
592 873 741 936 mandata
766 873 847 958 legis
873 874 1032 958 implesse:
1063 878 1169 938 Adhuc
1194 895 1294 936 amum
1321 875 1374 936 titi
1397 881 1500 950 restet,
1526 882 1561 934 et

254 975 427 1034 timonium
451 973 601 1050 inicorum
627 977 804 1053 adipiscaris
829 978 864 1039 m
889 979 974 1040 coelo.
1016 972 1054 1038 ln
1080 993 1143 1055 qno
1173 970 1428 1036 manifestissime
1458 969 1560 1034 deela-

219 1069 336 1136 5rauit
365 1091 464 1134 unum
494 1070 592 1148 istud,
628 1074 715 1155 quod
746 1073 874 1152 adiecit,
909 1096 977 1139 esse
1012 1071 1242 1155 plenitudinem
1274 1075 1477 1135 caeterorum.
1518 1069 1561 1134 Et

253 1174 462 1234 consonanter
495 1169 544 1233 his
574 1170 738 1253 apostolus
767 1171 987 1255 pronuntiauit
1018 1170 1212 1254 reliquorum
1242 1191 1309 1235 esse
1342 1172 1562 1234 mendatorum

251 1268 483 1352 plenitudinem
505 1269 674 1334 ceritatem.

337 1389 362 1433 c.
376 1367 516 1436 XVIII.
552 1374 607 1432 Ad.
622 1374 662 1435 d:
684 1368 747 1434 Sed
762 1375 793 1436 et
806 1375 919 1454 typum
940 1372 1017 1436 dicit
1038 1369 1200 1454 apostolus
1220 1391 1297 1447 esse,
1318 1367 1352 1431 id
1366 1371 1414 1432 est
1427 1366 1562 1452 figuram

255 1466 307 1532 uel
332 1467 478 1546 formam,
507 1467 611 1553 legem
637 1490 746 1534 coium
776 1492 857 1555 quae
883 1471 916 1535 in
943 1469 1116 1555 euangeliis
1137 1469 1306 1546 habentur,
1336 1467 1454 1532 dicens:
1485 1470 1563 1530 Haec

205 1577 239 1632 10
255 1577 353 1632 auem
374 1572 479 1632 omnic
499 1573 534 1632 e'n
556 1578 622 1650 typo
643 1574 849 1650 mamystam
869 1574 944 1649 illie,'
961 1575 1071 1651 scripte
1091 1579 1191 1634 autem
1211 1577 1284 1632 eunt
1299 1577 1422 1648 prepter
1442 1589 1507 1630 moe.

338 1673 429 1733 Mare.
443 1672 483 1733 d:
504 1665 580 1733 Non
603 1673 650 1734 est
671 1669 717 1733 sic
738 1668 891 1752 scriptum
911 1669 946 1733 in
960 1669 1067 1734 codice
1089 1673 1206 1748 nostro,
1228 1670 1283 1736 sed
1304 1667 1349 1731 ita
1370 1665 1460 1730 dicit:
1482 1669 1562 1729 Haec

256 1770 323 1830 eim
345 1777 411 1848 typo
432 1771 638 1848 eontinpetem
651 1773 721 1847 illie,
742 1774 852 1850 compte
872 1780 946 1833 sent
966 1780 1065 1834 nomm
1086 1775 1125 1834 ed
1144 1773 1407 1834 commonitionem
1420 1774 1562 1828 metram.

346 4419 364 4474 2
384 4419 510 4490 decretis]
528 4419 595 4474 Hier
606 4419 715 4475 scheint
731 4420 776 4475 ein
788 4419 911 4475 Verbum
922 4419 1095 4490 anagefallen
1112 4439 1147 4476 zu
1163 4420 1230 4476 sein.
1259 4419 1455 4477 Restaureret‘?
1483 4422 1509 4476 S.
1523 4422 1566 4476 ob.

260 4504 285 4558 S.
299 4503 332 4560 93
350 4504 377 4558 Ζ.
390 4505 431 4560 19.
461 4503 538 4572 (Man
554 4503 660 4560 ktnnte
677 4505 748 4559 auch
765 4507 918 4570 vermuten,
936 4504 1000 4559 dass
1018 4505 1067 4560 der
1083 4507 1169 4562 Veri:
1191 4506 1369 4560 »accoluere
1386 4507 1468 4574 leqem
1484 4505 1567 4560 nouis

261 4588 464 4658 contremiscite
479 4587 606 4643 decretis«
626 4589 741 4644 schrieb.
760 4619 793 4630 --
811 4589 844 4657 Β)
859 4589 896 4656 {d
914 4589 980 4645 Cod.
998 4591 1137 4661 apostolus
1153 4590 1205 4656 his,
1225 4591 1277 4644 mit
1296 4607 1342 4644 »a«
1361 4591 1430 4646 tiber
1448 4590 1521 4646 mis«
1541 4608 1567 4645 n.

264 4673 311 4728 »b«
329 4673 398 4729 uber
417 4673 597 4744 »apostolus«.
