3744 5528
390 495 449 557 176
944 489 1134 544 Adamantius.
1320 489 1360 544 De
1377 491 1407 546 la
1423 491 1482 547 Rue
1499 489 1539 545 lv
1555 490 1603 545 851
1610 491 1692 546 a-d.

388 647 522 740 δοκήσει
548 657 603 722 καὶ
630 656 662 722 οί
690 649 918 742 εὐαγγελισταί
945 650 1212 742 εὐηγγελίζοντο,
1244 651 1378 744 δοκήσει
1406 663 1463 727 καὶ
1490 646 1597 743 ήλθεν
1625 650 1688 728 ὐπ’

386 746 545 839 οὐρανῶν
559 758 614 820 καί
630 749 763 839 δοκήσει
773 749 911 842 άνῆλθε,
927 751 1060 843 δοκήσει
1075 759 1179 824 δὲκαὶ
1195 748 1216 842 ἦ
1231 760 1381 843 σωτηρία
1397 762 1470 826 τῶν
1486 751 1690 842 άνθρῶπων

385 857 440 920 καί
463 846 524 920 οὐκ
547 847 697 942 άληθείηι.
740 858 817 934 πῶς
838 844 900 923 οὐν
921 858 1008 940 λέγει
1031 847 1049 923 ὁ
1072 851 1231 941 Χριστός·
1262 853 1337 941 ἐγῶ
1360 857 1438 942 είμι
1460 850 1481 943 ή
1503 851 1690 944 άλήθεια,·

467 957 530 1018 m
531 958 589 1021 ΤΡ.
631 959 783 1040 Μαρῑνος
805 957 1064 1035 διαβεβαιοῦται·
1095 950 1187 1042 λόγῳ
1214 957 1275 1043 μὲν
1296 959 1383 1042 λέγει
1405 949 1424 1026 δ
1447 954 1595 1044 Χριστὸς
1617 948 1688 1027 ὅτι·

350 1065 366 1118 5
384 1047 451 1135 ἐγῶ
473 1053 538 1138 είμι
559 1046 580 1140 ἡ
602 1046 755 1140 άλήθεια,
779 1053 866 1140 ἔργῳ
888 1055 924 1121 δὲ
946 1046 1045 1122 οὐδὲν
1067 1047 1194 1139 άληθὲς
1218 1049 1368 1141 πράττει

344 1352 364 1406 b
466 1337 569 1402 MAP.
611 1328 694 1422 Ἔγῶ
724 1329 791 1404 άπὸ
818 1341 892 1404 τῶν
915 1339 1060 1421 γραφῶν
1081 1331 1224 1405 δεικνύω
1248 1327 1303 1405 ὅτι
1329 1331 1387 1407 ὐπ’
1409 1331 1568 1426 οὐρανῶν
1594 1342 1687 1427 ἔχων

381 1422 468 1519 ἦλθε
488 1441 593 1521 σῶμα.

463 1536 530 1602 ΑΔ.
570 1529 681 1603 Ἔστιν
703 1524 797 1621 <οὐν>
819 1528 915 1602 οὐσία
936 1537 992 1601 καί
1014 1527 1197 1615 δπόστασις
1220 1534 1359 1623 σαρκικὴ
1381 1539 1418 1607 ἐν
1441 1531 1591 1626 οὐρανῷ;
1615 1537 1683 1627 χρὴ

380 1625 441 1718 γάρ
464 1653 500 1700 σε
522 1627 590 1703 άπὸ
613 1639 757 1720 γραφῶν
780 1640 884 1716 δείξαι
906 1624 961 1702 ὅτι
983 1635 1071 1701 ἔστιν
1096 1628 1192 1704 οὐσία
1214 1636 1251 1703 ἐν
1271 1630 1408 1725 οὐρανῷ
1431 1639 1552 1723 ἔχουσα
1574 1631 1683 1724 σάρκα

328 1749 361 1804 10
378 1736 434 1800 καί
457 1724 557 1800 όστέα
578 1739 634 1802 καὶ
657 1729 747 1820 αίμα,
769 1737 825 1802 καί
846 1727 928 1802 τότε
949 1734 1004 1802 ἐπί
1025 1729 1087 1813 τὰς
1108 1727 1294 1819 ἀποδείξεις
1314 1737 1438 1806 ἐλθεῖν.

461 1834 564 1899 ΜΑΡ.
599 1826 671 1901 Ἐπί
692 1831 850 1919 σῶματος
868 1829 1019 1902 δεικνύω.
1055 1837 1141 1921 λέγει
1163 1830 1225 1920 γάρ
1248 1827 1267 1903 δ
1290 1829 1495 1917 άπόστολος·
1518 1834 1683 1924 σῶματα

378 1924 601 2015 ἐπουράνια
622 1936 687 2000 καί
709 1929 871 2018 σῶματα
893 1934 1055 2018 ἐπίγεια.
1227 1951 1230 1958 “

460 2033 526 2098 ΑΔ.
558 2035 665 2118 Σῶμα
681 2023 699 2098 δ
714 2025 908 2112 ἀπόστολος
923 2025 1080 2119 ὀνομάζει
1095 2026 1253 2118 οὐρανόν,
1276 2025 1384 2120 ήλιον,
1401 2031 1555 2123 σελήνην.
1582 2030 1681 2106 σύτοο

377 2124 439 2215 γάρ
470 2123 603 2213 φάσκει·
638 2129 801 2214 σώματα
831 2127 1051 2216 ἐπουράνια
1080 2135 1144 2200 καὶ
1178 2130 1340 2218 σῶματα
1370 2135 1534 2222 ἐπίγεια.
1577 2132 1681 2224 άλλη

325 2244 358 2298 15
376 2222 471 2312 δόξα
501 2223 618 2316 ήλίου
646 2235 711 2300 καί
742 2226 843 2317 άλλη
878 2224 973 2316 δόξα
1004 2227 1185 2320 σελήνης,
1221 2229 1320 2320 άλλη
1356 2227 1450 2317 δόξα
1484 2227 1679 2322 άστέρων·

342 2322 500 2416 σάστήρ
522 2323 689 2418 άστέρος
710 2333 892 2416 διαφέρει
913 2332 954 2400 ἐν
976 2325 1082 2417 δόξη·
1104 2323 1211 2401 οὐται
1226 2338 1289 2402 καί
1312 2326 1333 2418 ή
1355 2327 1571 2416 άνάστασις
1593 2341 1679 2406 τῶν

303 2469 304 2474 1
375 2434 537 2547 νεκρῶν.
580 2434 690 2514 δεῖξον
717 2419 778 2498 οὖν
805 2432 834 2497 εί
856 2427 937 2515 σάρξ
962 2437 1018 2500 καί
1040 2424 1141 2501 άστέα
1166 2437 1222 2500 καί
1244 2429 1324 2518 αἷμα
1345 2433 1411 2518 ἔχει
1431 2428 1618 2504 δπόστασιν
1638 2437 1679 2506 ἐν

374 2553 520 2615 ουρανῷ.

456 2632 559 2697 ΜΑΡ.
601 2635 709 2716 Σῶμα
730 2633 785 2698 καί
809 2625 892 2715 σάρξ
913 2627 955 2698 τὸ
978 2622 1062 2698 αὐτό
1084 2631 1184 2698 ἐστιν.

321 2742 355 2798 20
455 2733 574 2796 EYTP.
608 2722 642 2795 ‘0
656 2722 849 2810 άπόστολος
868 2727 1017 2817 σῶματα,
1041 2723 1202 2816 δηλονότι
1217 2722 1373 2812 οὐρανόν,
1395 2723 1504 2817 ἥλιον,
1527 2728 1675 2821 σελήνην

372 2829 532 2912 ἐμφαίνει.

454 2931 520 2995 ΑΔ.
567 2919 635 2996 Οὐκ
657 2930 728 2999 ἐστι
750 2925 792 2998 τὸ
814 2921 906 2997 αὐτό.
949 2925 993 3016 μή
1016 2922 1189 3016 δυνάμεθα
1210 2925 1274 2998 τὸν
1296 2923 1444 3015 οὐρανὸν
1466 2925 1572 3017 σάρκα
1594 2925 1673 3002 δνο-

369 3023 479 3114 μάσαι,
501 3032 597 3115 σῶμα
619 3031 654 3096 δέ
676 3021 894 3116 ὀνομάζομεν.
932 3033 1042 3112 δεῖξον
1065 3018 1127 3096 οὐν
1149 3032 1292 3112 πρῶτον
1314 3019 1369 3096 ότι
1390 3024 1472 3114 σάρξ
1492 3036 1548 3098 καὶ
1570 3024 1672 3102 ὐστέα

369 3133 425 3196 καί
452 3123 532 3215 αίμα
558 3127 623 3213 ἔχει
651 3122 768 3198 οὐσίαν
795 3130 831 3197 ἐν
858 3123 1008 3214 οὐρανῷ,
1038 3133 1093 3197 καὶ
1115 3123 1197 3197 τότε
1216 3131 1370 3215 παρέξεις
1391 3126 1452 3208 τὰς
1474 3123 1670 3214 ἀποδείξεις.

316 3245 349 3300 25
451 3232 572 3298 EYTP.
594 3229 679 3312 [πρὸς
699 3231 829 3311 πάντας].
871 3222 1088 3314 Ἀδαμάντιος
1114 3222 1234 3312 φάσκει
1260 3229 1408 3314 ἐπίγειον
1436 3223 1543 3299 αὐτὸν
1563 3225 1671 3316 σάρκα

367 3322 597 3414 άνειληφέναι,
625 3332 805 3398 τουτέστιν
827 3328 863 3394 ἐκ
890 3331 952 3413 τῆς
979 3320 1153 3413 ήμετέρας,
1185 3333 1338 3412 Μαρίνος
1359 3329 1395 3395 δέ
1418 3321 1579 3411 οὐράνιον
1601 3331 1671 3398 δια-

328 3431 564 3510 δβεβαιοῦται.
599 3424 662 3515 χρή
686 3417 748 3497 οὖν
770 3431 944 3514 δειχθῆναι
967 3429 995 3494 εί
1017 3429 1107 3495 ἔστιν
1129 3429 1166 3495 ἐν
1182 3421 1317 3516 οὐρανῷ
1340 3421 1436 3496 οὐσία
1459 3422 1590 3511 σαρκός,
1611 3435 1669 3498 καί

365 3520 446 3596 τότε
472 3529 526 3596 ἐπὶ
553 3523 614 3607 τάς
641 3522 828 3611 ἀποδείξεις
853 3530 1024 3614 τραπῆναι
1050 3520 1199 3607 πότερον
1227 3521 1294 3596 άπὸ
1321 3530 1383 3614 τῆς
1409 3529 1557 3614 ἐπιγείου
1582 3523 1668 3598 άνεί-

365 3635 471 3715 ληφεν
493 3621 514 3714 ή
537 3621 605 3698 άπὸ
628 3631 690 3716 τῆς
711 3629 920 3714 ἐπουρανίου.

448 3779 477 3849 8]
496 3779 615 3835 Joh.14:
630 3781 654 3836 6.
672 3811 704 3820 -
724 3781 823 3851 11112]
843 3785 857 3835 1
872 3782 1042 3836 eor.15:40.
1061 3809 1094 3818 -
1113 3779 1237 3849 14-17]
1256 3782 1270 3834 1
1284 3779 1342 3834 Cor.
1356 3783 1400 3836 15:
1412 3781 1522 3836 40-42.

447 3897 467 3952 4
484 3897 561 3952 Nach
579 3901 789 3972 διαβεβαιοῦται
810 3897 848 3951 ist
865 3895 1006 3952 vielleicht
1023 3889 1067 3951 δτι
1085 3914 1118 3950 zu
1136 3901 1280 3966 ergfinzen.
1308 3897 1382 3952 Rufi:
1405 3897 1474 3965 qm'a
1497 3897 1501 3964 Ι
1527 3897 1545 3953 8
1564 3889 1615 3954 οὖν
1632 3909 1666 3960 <

362 3981 387 4036 d.
397 3981 477 4046 Hss„
490 3981 564 4038 Rufi:
576 3999 637 4051 eryo
653 3985 656 4050 Ι
671 3983 691 4038 θ
704 3980 811 4054 σάρκας
823 3979 919 4036 AEFG
934 3982 939 4050 ί
954 3979 995 4035 20
1008 3977 1141 4052 οὐρανὸν]
1156 3981 1309 4035 ›coelestia‹
1322 3981 1383 4037 Rus.
1400 3983 1404 4050 Ι
1419 3982 1459 4038 20
1472 3982 1538 4036 Man
1549 3984 1665 4038 benchte

361 4065 406 4122 die
424 4085 495 4136 ganz
512 4067 705 4123 vomohiedene
717 4065 887 4136 Auffassung
904 4066 953 4120 der
964 4065 1061 4120 Worte
1079 4065 1126 4120 des
1138 4065 1214 4121 Eutr.
1231 4067 1277 4122 bei
1288 4066 1350 4121 Rus.
1379 4067 1429 4121 Bei
1446 4066 1504 4122 ihm
1516 4067 1575 4122 will
1587 4067 1663 4123 Eutr.

361 4169 415 4206 von
427 4152 478 4206 Δδ.
495 4151 605 4206 οεΙελιτί
622 4151 745 4216 werden;
763 4151 803 4205 im
820 4169 860 4220 gr.
873 4150 958 4205 Texta
976 4151 1055 4205 weist
1072 4167 1101 4206 ει·
1114 4151 1237 4205 Marinus
1254 4151 1373 4206 zurecht
1402 4151 1463 4206 Rufi
1482 4151 1532 4206 hat
1549 4152 1603 4207 den
1614 4153 1663 4207 Zu-

361 4235 560 4305 sammenhang
581 4237 653 4290 nach
675 4235 779 4290 seinem
797 4235 966 4291 Gutdssnken
986 4235 1140 4290 verbosum
1161 4236 1166 4303 Ι
1191 4233 1230 4290 24
1246 4235 1376 4308 παρέξεις
1393 4235 1513 4304 Ἦείίεά,
1531 4236 1664 4309 παρέχεις

360 4320 385 4375 d.
403 4321 484 4388 HSS„
504 4320 651 4375 ›edocebis‹
670 4321 732 4376 auf.
748 4321 752 4388 Ι
769 4321 807 4377 25
826 4322 859 4374 In
876 4320 929 4375 den
947 4323 1050 4390 Ausgg.
1067 4319 1136 4374 wird
1154 4317 1226 4392 πρὸς
1243 4317 1352 4385 πάντας
1369 4319 1515 4375 fflsehlioh
1532 4321 1584 4376 mit
1600 4322 1663 4378 dom

358 4407 518 4476 Folgenden
536 4406 706 4462 verbunden:
726 4404 806 4477 Ηρδς
823 4404 932 4470 πάντας
949 4399 1128 4474 Ἀδαμάντιος
1145 4403 1255 4475 φάσκει.
1286 4405 1322 4459 Es
1339 4405 1460 4475 hosagen
1479 4405 1553 4460 δεέεε
1568 4405 1662 4462 θίοτίε

359 4510 406 4563 πρ.
424 4509 465 4546 πα
493 4491 569 4546 Eutr.
592 4492 704 4562 spreche
726 4489 788 4545 hier
808 4491 886 4546 niehfi
909 4489 963 4544 den
985 4489 1036 4544 Αδ.
1059 4489 1126 4544 oder
1147 4489 1215 4544 Mar.
1239 4507 1286 4557 επ,
1313 4489 1431 4544 sondern
1457 4489 1513 4546 alle
1535 4491 1660 4546 zuhtsrer.

358 4574 438 4632 Diese
460 4577 647 4646 Bemerkung,
672 4575 778 4630 welche
800 4575 826 4629 S.
843 4575 915 4630 8330
937 4592 982 4629 am
1003 4575 1116 4630 rechten
1138 4574 1204 4628 om
1225 4573 1311 4638 είείιί,
1339 4573 1376 4628 ist
1397 4573 1456 4628 hier
1477 4591 1513 4628 m.
1530 4574 1561 4629 E.
1583 4573 1662 4630 nichss

358 4660 494 4731 originall,
512 4661 645 4717 vielmehr
663 4659 723 4714 eine
740 4659 991 4729 Randbemerkung
1007 4659 1081 4715 eines
1099 4659 1201 4715 Ιιεεοτε.
