<?xml version="1.0" encoding="UTF-8"?>
<!DOCTYPE html PUBLIC "-//W3C//DTD XHTML 1.0 Transitional//EN"
    "http://www.w3.org/TR/xhtml1/DTD/xhtml1-transitional.dtd">
<html xmlns="http://www.w3.org/1999/xhtml" xml:lang="en" lang="en">
 <head>
  <title>
</title>
<meta http-equiv="Content-Type" content="text/html;charset=utf-8" />
  <meta name='ocr-system' content='tesseract 3.04.00' />
  <meta name='ocr-capabilities' content='ocr_page ocr_carea ocr_par ocr_line ocrx_word'/>
</head>
<body>
  <div class='ocr_page' id='page_1' title='image "./diegriechischen03religoog_0317.png"; bbox 0 0 3744 5528; ppageno 0'>
   <div class='ocr_carea' id='block_1_1' title="bbox 227 481 1533 553">
    <p class='ocr_par' dir='ltr' id='par_1_1' title="bbox 227 481 1533 553">
     <span class='ocr_line' id='line_1_1' title="bbox 227 481 1533 553; baseline 0.011 -17"><span class='ocrx_word' id='word_1_1' title='bbox 227 481 338 553; x_wconf 78' lang='lat' dir='ltr'>Cnspnri</span> <span class='ocrx_word' id='word_1_2' title='bbox 354 481 379 536; x_wconf 91' lang='lat' dir='ltr'>V</span> <span class='ocrx_word' id='word_1_3' title='bbox 398 499 420 540; x_wconf 91' lang='lat' dir='ltr'>c.</span> <span class='ocrx_word' id='word_1_4' title='bbox 439 485 480 538; x_wconf 89' lang='grc'>12.</span> <span class='ocrx_word' id='word_1_5' title='bbox 499 483 538 537; x_wconf 86' lang='grc'>13.</span> <span class='ocrx_word' id='word_1_6' title='bbox 821 481 930 553; x_wconf 81' lang='lat' dir='ltr'>Dinlog.</span> <span class='ocrx_word' id='word_1_7' title='bbox 1475 488 1533 551; x_wconf 84' lang='lat'>199</span> 
     </span>
    </p>
   </div>
   <div class='ocr_carea' id='block_1_2' title="bbox 221 649 1533 833">
    <p class='ocr_par' dir='ltr' id='par_1_2' title="bbox 221 649 1533 833">
     <span class='ocr_line' id='line_1_2' title="bbox 227 649 1533 734; baseline -0.002 -18"><span class='ocrx_word' id='word_1_8' title='bbox 227 654 324 716; x_wconf 87' lang='lat' dir='ltr'>semet</span> <span class='ocrx_word' id='word_1_9' title='bbox 352 651 422 734; x_wconf 93' lang='lat' dir='ltr'>ipso</span> <span class='ocrx_word' id='word_1_10' title='bbox 453 649 529 733; x_wconf 81' lang='lat' dir='ltr'>quie</span> <span class='ocrx_word' id='word_1_11' title='bbox 558 654 679 715; x_wconf 74' lang='lat' dir='ltr'>Necesse</span> <span class='ocrx_word' id='word_1_12' title='bbox 704 661 746 715; x_wconf 81' lang='lat' dir='ltr'>cst</span> <span class='ocrx_word' id='word_1_13' title='bbox 775 655 878 732; x_wconf 76' lang='lat' dir='ltr'>filium</span> <span class='ocrx_word' id='word_1_14' title='bbox 903 655 1037 716; x_wconf 62' lang='lat' dir='ltr'>homines</span> <span class='ocrx_word' id='word_1_15' title='bbox 1068 655 1163 716; x_wconf 76' lang='lat' dir='ltr'>multu</span> <span class='ocrx_word' id='word_1_16' title='bbox 1191 656 1256 732; x_wconf 77' lang='lat' dir='ltr'>poti</span> <span class='ocrx_word' id='word_1_17' title='bbox 1284 661 1311 714; x_wconf 80' lang='lat' dir='ltr'>ct</span> <span class='ocrx_word' id='word_1_18' title='bbox 1339 655 1533 731; x_wconf 72' lang='lat' dir='ltr'>reprobarier</span> 
     </span>
     <span class='ocr_line' id='line_1_3' title="bbox 221 749 1533 833; baseline -0.002 -17"><span class='ocrx_word' id='word_1_19' title='bbox 221 755 399 833; x_wconf 65' lang='lat' dir='ltr'>prestym</span> <span class='ocrx_word' id='word_1_20' title='bbox 424 760 450 814; x_wconf 75' lang='lat' dir='ltr'>ct</span> <span class='ocrx_word' id='word_1_21' title='bbox 474 754 671 832; x_wconf 74' lang='lat' dir='ltr'>pontificibus</span> <span class='ocrx_word' id='word_1_22' title='bbox 697 761 724 815; x_wconf 76' lang='lat' dir='ltr'>et</span> <span class='ocrx_word' id='word_1_23' title='bbox 748 755 852 814; x_wconf 75' lang='lat' dir='ltr'>scribis</span> <span class='ocrx_word' id='word_1_24' title='bbox 873 760 899 816; x_wconf 75' lang='lat' dir='ltr'>ct</span> <span class='ocrx_word' id='word_1_25' title='bbox 920 755 1055 832; x_wconf 69' lang='lat' dir='ltr'>mueifiye&#39;</span> <span class='ocrx_word' id='word_1_26' title='bbox 1080 761 1106 815; x_wconf 84' lang='lat' dir='ltr'>ct</span> <span class='ocrx_word' id='word_1_27' title='bbox 1129 757 1212 815; x_wconf 78' lang='lat' dir='ltr'>tertio</span> <span class='ocrx_word' id='word_1_28' title='bbox 1232 755 1279 815; x_wconf 85' lang='lat' dir='ltr'>die</span> <span class='ocrx_word' id='word_1_29' title='bbox 1299 773 1455 831; x_wconf 64' lang='lat' dir='ltr'>resumere.</span> <span class='ocrx_word' id='word_1_30' title='bbox 1490 749 1533 814; x_wconf 85' lang='lat' dir='ltr'>Et</span> 
     </span>
    </p>
   </div>
   <div class='ocr_carea' id='block_1_3' title="bbox 170 850 1534 2827">
    <p class='ocr_par' dir='ltr' id='par_1_3' title="bbox 170 850 1534 2827">
     <span class='ocr_line' id='line_1_4' title="bbox 226 850 1534 934; baseline 0 -20"><span class='ocrx_word' id='word_1_31' title='bbox 226 851 339 915; x_wconf 86' lang='lat' dir='ltr'>iterum</span> <span class='ocrx_word' id='word_1_32' title='bbox 360 853 433 932; x_wconf 89' lang='lat' dir='ltr'>post</span> <span class='ocrx_word' id='word_1_33' title='bbox 454 851 724 928; x_wconf 70' lang='lat' dir='ltr'>resurrectionem,</span> <span class='ocrx_word' id='word_1_34' title='bbox 746 869 881 934; x_wconf 81' lang='lat' dir='ltr'>arguens</span> <span class='ocrx_word' id='word_1_35' title='bbox 903 853 1064 934; x_wconf 83' lang='lat' dir='ltr'>quosdam,</span> <span class='ocrx_word' id='word_1_36' title='bbox 1086 850 1175 916; x_wconf 88' lang='lat' dir='ltr'>dicit:</span> <span class='ocrx_word' id='word_1_37' title='bbox 1202 855 1388 916; x_wconf 77' lang='lat' dir='ltr'>Oioccneate&#39;</span> <span class='ocrx_word' id='word_1_38' title='bbox 1408 860 1434 914; x_wconf 77' lang='lat' dir='ltr'>et</span> <span class='ocrx_word' id='word_1_39' title='bbox 1457 854 1534 914; x_wconf 80' lang='lat' dir='ltr'>tardi</span> 
     </span>
     <span class='ocr_line' id='line_1_5' title="bbox 224 953 1534 1032; baseline -0.001 -18"><span class='ocrx_word' id='word_1_40' title='bbox 224 955 306 1014; x_wconf 80' lang='lat' dir='ltr'>corde</span> <span class='ocrx_word' id='word_1_41' title='bbox 320 953 359 1012; x_wconf 85' lang='lat' dir='ltr'>ad</span> <span class='ocrx_word' id='word_1_42' title='bbox 372 954 549 1013; x_wconf 79' lang='lat' dir='ltr'>credendum</span> <span class='ocrx_word' id='word_1_43' title='bbox 569 954 602 1014; x_wconf 86' lang='lat' dir='ltr'>de</span> <span class='ocrx_word' id='word_1_44' title='bbox 621 955 761 1014; x_wconf 77' lang='lat' dir='ltr'>omnibus</span> <span class='ocrx_word' id='word_1_45' title='bbox 782 973 857 1032; x_wconf 81' lang='lat' dir='ltr'>quoe</span> <span class='ocrx_word' id='word_1_46' title='bbox 874 954 989 1014; x_wconf 77' lang='lat' dir='ltr'>loeutus</span> <span class='ocrx_word' id='word_1_47' title='bbox 1002 974 1073 1014; x_wconf 80' lang='lat' dir='ltr'>som</span> <span class='ocrx_word' id='word_1_48' title='bbox 1085 955 1189 1014; x_wconf 80' lang='lat' dir='ltr'>uobis!</span> <span class='ocrx_word' id='word_1_49' title='bbox 1211 955 1318 1014; x_wconf 76' lang='lat' dir='ltr'>Nonne</span> <span class='ocrx_word' id='word_1_50' title='bbox 1331 956 1374 1013; x_wconf 78' lang='lat' dir='ltr'>ito</span> <span class='ocrx_word' id='word_1_51' title='bbox 1388 956 1534 1031; x_wconf 60' lang='lat' dir='ltr'>sortitum</span> 
     </span>
     <span class='ocr_line' id='line_1_6' title="bbox 191 1048 1533 1133; baseline 0 -21"><span class='ocrx_word' id='word_1_52' title='bbox 191 1048 279 1126; x_wconf 73' lang='lat' dir='ltr'>best,</span> <span class='ocrx_word' id='word_1_53' title='bbox 301 1054 371 1130; x_wconf 81' lang='lat' dir='ltr'>poti</span> <span class='ocrx_word' id='word_1_54' title='bbox 394 1053 548 1114; x_wconf 72' lang='lat' dir='ltr'>Christum</span> <span class='ocrx_word' id='word_1_55' title='bbox 570 1049 673 1132; x_wconf 73' lang='lat' dir='ltr'>(etsie</span> <span class='ocrx_word' id='word_1_56' title='bbox 693 1055 872 1115; x_wconf 71' lang='lat' dir='ltr'>introirem</span> <span class='ocrx_word' id='word_1_57' title='bbox 891 1055 1020 1132; x_wconf 52' lang='lat' dir='ltr'>ydrum</span> <span class='ocrx_word' id='word_1_58' title='bbox 1040 1049 1165 1132; x_wconf 61' lang='lat' dir='ltr'>strom?</span> <span class='ocrx_word' id='word_1_59' title='bbox 1202 1049 1262 1113; x_wconf 84' lang='lat' dir='ltr'>Sed</span> <span class='ocrx_word' id='word_1_60' title='bbox 1285 1053 1317 1114; x_wconf 89' lang='lat' dir='ltr'>et</span> <span class='ocrx_word' id='word_1_61' title='bbox 1338 1048 1533 1133; x_wconf 77' lang='lat' dir='ltr'>euangelista</span> 
     </span>
     <span class='ocr_line' id='line_1_7' title="bbox 224 1149 1534 1216; baseline 0.001 -3"><span class='ocrx_word' id='word_1_62' title='bbox 224 1149 386 1213; x_wconf 84' lang='lat' dir='ltr'>euidenter</span> <span class='ocrx_word' id='word_1_63' title='bbox 407 1154 542 1216; x_wconf 89' lang='lat' dir='ltr'>mortem</span> <span class='ocrx_word' id='word_1_64' title='bbox 567 1150 602 1214; x_wconf 92' lang='lat' dir='ltr'>in</span> <span class='ocrx_word' id='word_1_65' title='bbox 628 1171 665 1215; x_wconf 93' lang='lat' dir='ltr'>eo</span> <span class='ocrx_word' id='word_1_66' title='bbox 688 1151 838 1215; x_wconf 78' lang='lat' dir='ltr'>describit</span> <span class='ocrx_word' id='word_1_67' title='bbox 863 1151 1032 1214; x_wconf 79' lang='lat' dir='ltr'>humanum</span> <span class='ocrx_word' id='word_1_68' title='bbox 1059 1150 1179 1216; x_wconf 89' lang='lat' dir='ltr'>dicens:</span> <span class='ocrx_word' id='word_1_69' title='bbox 1206 1155 1246 1213; x_wconf 76' lang='lat' dir='ltr'>Et</span> <span class='ocrx_word' id='word_1_70' title='bbox 1270 1154 1438 1214; x_wconf 75' lang='lat' dir='ltr'>caectrmons</span> <span class='ocrx_word' id='word_1_71' title='bbox 1462 1169 1534 1214; x_wconf 79' lang='lat' dir='ltr'>uoce</span> 
     </span>
     <span class='ocr_line' id='line_1_8' title="bbox 222 1253 1533 1330; baseline 0 -18"><span class='ocrx_word' id='word_1_72' title='bbox 222 1271 335 1328; x_wconf 69' lang='lat' dir='ltr'>mayoc</span> <span class='ocrx_word' id='word_1_73' title='bbox 355 1253 441 1313; x_wconf 80' lang='lat' dir='ltr'>lesus</span> <span class='ocrx_word' id='word_1_74' title='bbox 466 1255 525 1313; x_wconf 80' lang='lat' dir='ltr'>ait:</span> <span class='ocrx_word' id='word_1_75' title='bbox 555 1255 656 1330; x_wconf 80' lang='lat' dir='ltr'>Pater,</span> <span class='ocrx_word' id='word_1_76' title='bbox 683 1256 719 1314; x_wconf 77' lang='lat' dir='ltr'>in</span> <span class='ocrx_word' id='word_1_77' title='bbox 746 1273 858 1314; x_wconf 74' lang='lat' dir='ltr'>neonus</span> <span class='ocrx_word' id='word_1_78' title='bbox 885 1261 951 1314; x_wconf 78' lang='lat' dir='ltr'>tuos</span> <span class='ocrx_word' id='word_1_79' title='bbox 976 1255 1147 1315; x_wconf 75' lang='lat' dir='ltr'>commendo</span> <span class='ocrx_word' id='word_1_80' title='bbox 1173 1253 1316 1330; x_wconf 73' lang='lat' dir='ltr'>spiritum</span> <span class='ocrx_word' id='word_1_81' title='bbox 1341 1273 1450 1318; x_wconf 73' lang='lat' dir='ltr'>mom.</span> <span class='ocrx_word' id='word_1_82' title='bbox 1484 1255 1533 1327; x_wconf 78' lang='lat' dir='ltr'>Et,</span> 
     </span>
     <span class='ocr_line' id='line_1_9' title="bbox 222 1349 1533 1434; baseline 0 -22"><span class='ocrx_word' id='word_1_83' title='bbox 222 1371 291 1412; x_wconf 78' lang='lat' dir='ltr'>cum</span> <span class='ocrx_word' id='word_1_84' title='bbox 304 1353 358 1412; x_wconf 79' lang='lat' dir='ltr'>hoc</span> <span class='ocrx_word' id='word_1_85' title='bbox 379 1353 509 1428; x_wconf 70' lang='lat' dir='ltr'>diruisset,</span> <span class='ocrx_word' id='word_1_86' title='bbox 530 1355 700 1430; x_wconf 67' lang='lat' dir='ltr'>exspiranti.</span> <span class='ocrx_word' id='word_1_87' title='bbox 727 1349 770 1413; x_wconf 80' lang='lat' dir='ltr'>Et</span> <span class='ocrx_word' id='word_1_88' title='bbox 787 1349 903 1414; x_wconf 89' lang='lat' dir='ltr'>iterum</span> <span class='ocrx_word' id='word_1_89' title='bbox 918 1350 1093 1434; x_wconf 82' lang='lat' dir='ltr'>subiungit:</span> <span class='ocrx_word' id='word_1_90' title='bbox 1115 1356 1187 1414; x_wconf 80' lang='lat' dir='ltr'>Ecce</span> <span class='ocrx_word' id='word_1_91' title='bbox 1206 1353 1264 1428; x_wconf 77' lang='lat' dir='ltr'>uir,</span> <span class='ocrx_word' id='word_1_92' title='bbox 1285 1354 1407 1413; x_wconf 76' lang='lat' dir='ltr'>nominc</span> <span class='ocrx_word' id='word_1_93' title='bbox 1420 1354 1533 1430; x_wconf 81' lang='lat' dir='ltr'>Ioseph,</span> 
     </span>
     <span class='ocr_line' id='line_1_10' title="bbox 221 1452 1534 1530; baseline 0.002 -19"><span class='ocrx_word' id='word_1_94' title='bbox 221 1453 304 1528; x_wconf 77' lang='lat' dir='ltr'>petiit</span> <span class='ocrx_word' id='word_1_95' title='bbox 325 1471 344 1511; x_wconf 85' lang='lat' dir='ltr'><em>a</em></span> <span class='ocrx_word' id='word_1_96' title='bbox 366 1452 462 1512; x_wconf 71' lang='lat' dir='ltr'>Pilato</span> <span class='ocrx_word' id='word_1_97' title='bbox 484 1471 594 1530; x_wconf 72' lang='lat' dir='ltr'>corpus</span> <span class='ocrx_word' id='word_1_98' title='bbox 614 1453 680 1513; x_wconf 80' lang='lat' dir='ltr'>eius</span> <span class='ocrx_word' id='word_1_99' title='bbox 706 1458 733 1512; x_wconf 79' lang='lat' dir='ltr'>et</span> <span class='ocrx_word' id='word_1_100' title='bbox 756 1453 919 1514; x_wconf 72' lang='lat' dir='ltr'>involucres</span> <span class='ocrx_word' id='word_1_101' title='bbox 945 1455 1021 1515; x_wconf 71' lang='lat' dir='ltr'>illud</span> <span class='ocrx_word' id='word_1_102' title='bbox 1045 1455 1080 1514; x_wconf 80' lang='lat' dir='ltr'>io</span> <span class='ocrx_word' id='word_1_103' title='bbox 1106 1455 1231 1514; x_wconf 76' lang='lat' dir='ltr'>sindone</span> <span class='ocrx_word' id='word_1_104' title='bbox 1255 1473 1348 1527; x_wconf 75' lang='lat' dir='ltr'>nouo,</span> <span class='ocrx_word' id='word_1_105' title='bbox 1369 1453 1534 1530; x_wconf 73' lang='lat' dir='ltr'>poenitio</span> 
     </span>
     <span class='ocr_line' id='line_1_11' title="bbox 173 1549 1533 1633; baseline 0 -21"><span class='ocrx_word' id='word_1_106' title='bbox 173 1549 205 1604; x_wconf 92' lang='lat'>10</span> <span class='ocrx_word' id='word_1_107' title='bbox 222 1551 373 1630; x_wconf 74' lang='lat' dir='ltr'>sepulchro</span> <span class='ocrx_word' id='word_1_108' title='bbox 393 1571 485 1613; x_wconf 76' lang='lat' dir='ltr'>nouo.</span> <span class='ocrx_word' id='word_1_109' title='bbox 521 1549 604 1626; x_wconf 79' lang='lat' dir='ltr'>Quid</span> <span class='ocrx_word' id='word_1_110' title='bbox 624 1550 665 1612; x_wconf 86' lang='lat' dir='ltr'>ad</span> <span class='ocrx_word' id='word_1_111' title='bbox 686 1549 763 1614; x_wconf 83' lang='lat' dir='ltr'>haec</span> <span class='ocrx_word' id='word_1_112' title='bbox 785 1549 890 1613; x_wconf 90' lang='lat' dir='ltr'>dicent</span> <span class='ocrx_word' id='word_1_113' title='bbox 909 1551 983 1615; x_wconf 79' lang='lat' dir='ltr'>isti?</span> <span class='ocrx_word' id='word_1_114' title='bbox 1014 1551 1091 1633; x_wconf 91' lang='lat' dir='ltr'>quid</span> <span class='ocrx_word' id='word_1_115' title='bbox 1112 1550 1231 1632; x_wconf 84' lang='lat' dir='ltr'>fingere</span> <span class='ocrx_word' id='word_1_116' title='bbox 1253 1553 1308 1612; x_wconf 77' lang='lat' dir='ltr'>cut</span> <span class='ocrx_word' id='word_1_117' title='bbox 1329 1549 1533 1613; x_wconf 82' lang='lat' dir='ltr'>commentari</span> 
     </span>
     <span class='ocr_line' id='line_1_12' title="bbox 221 1646 1532 1732; baseline -0.001 -19"><span class='ocrx_word' id='word_1_118' title='bbox 221 1651 390 1731; x_wconf 79' lang='lat' dir='ltr'>poterunt?</span> <span class='ocrx_word' id='word_1_119' title='bbox 412 1646 577 1730; x_wconf 87' lang='lat' dir='ltr'>Numquid</span> <span class='ocrx_word' id='word_1_120' title='bbox 592 1647 721 1731; x_wconf 86' lang='lat' dir='ltr'>spiritus</span> <span class='ocrx_word' id='word_1_121' title='bbox 737 1648 927 1731; x_wconf 78' lang='lat' dir='ltr'>exspirauit?</span> <span class='ocrx_word' id='word_1_122' title='bbox 950 1672 991 1712; x_wconf 83' lang='lat' dir='ltr'>en</span> <span class='ocrx_word' id='word_1_123' title='bbox 1012 1654 1059 1714; x_wconf 89' lang='lat' dir='ltr'>est</span> <span class='ocrx_word' id='word_1_124' title='bbox 1073 1649 1187 1732; x_wconf 80' lang='lat' dir='ltr'>aliquis</span> <span class='ocrx_word' id='word_1_125' title='bbox 1208 1650 1263 1732; x_wconf 91' lang='lat' dir='ltr'>qui</span> <span class='ocrx_word' id='word_1_126' title='bbox 1277 1649 1372 1712; x_wconf 84' lang='lat' dir='ltr'>habet</span> <span class='ocrx_word' id='word_1_127' title='bbox 1387 1648 1532 1731; x_wconf 89' lang='lat' dir='ltr'>spiritum</span> 
     </span>
     <span class='ocr_line' id='line_1_13' title="bbox 223 1746 1533 1831; baseline -0.002 -18"><span class='ocrx_word' id='word_1_128' title='bbox 223 1771 318 1831; x_wconf 91' lang='lat' dir='ltr'>quem</span> <span class='ocrx_word' id='word_1_129' title='bbox 340 1748 477 1830; x_wconf 80' lang='lat' dir='ltr'>exspirat</span> <span class='ocrx_word' id='word_1_130' title='bbox 505 1752 537 1811; x_wconf 89' lang='lat' dir='ltr'>et</span> <span class='ocrx_word' id='word_1_131' title='bbox 563 1746 673 1830; x_wconf 89' lang='lat' dir='ltr'>quiin</span> <span class='ocrx_word' id='word_1_132' title='bbox 698 1748 844 1813; x_wconf 83' lang='lat' dir='ltr'>manibus</span> <span class='ocrx_word' id='word_1_133' title='bbox 870 1748 968 1831; x_wconf 77' lang='lat' dir='ltr'>putris</span> <span class='ocrx_word' id='word_1_134' title='bbox 991 1751 1209 1813; x_wconf 79' lang='lat' dir='ltr'>commendare</span> <span class='ocrx_word' id='word_1_135' title='bbox 1231 1747 1346 1812; x_wconf 89' lang='lat' dir='ltr'>dicitur</span> <span class='ocrx_word' id='word_1_136' title='bbox 1367 1748 1533 1830; x_wconf 84' lang='lat' dir='ltr'>spiritum?</span> 
     </span>
     <span class='ocr_line' id='line_1_14' title="bbox 223 1845 1532 1931; baseline 0.002 -20"><span class='ocrx_word' id='word_1_137' title='bbox 223 1845 388 1930; x_wconf 90' lang='lat' dir='ltr'>Numquid</span> <span class='ocrx_word' id='word_1_138' title='bbox 409 1847 538 1930; x_wconf 86' lang='lat' dir='ltr'>spiritus</span> <span class='ocrx_word' id='word_1_139' title='bbox 559 1849 591 1912; x_wconf 92' lang='lat' dir='ltr'>in</span> <span class='ocrx_word' id='word_1_140' title='bbox 614 1847 745 1911; x_wconf 85' lang='lat' dir='ltr'>sindone</span> <span class='ocrx_word' id='word_1_141' title='bbox 766 1868 850 1912; x_wconf 85' lang='lat' dir='ltr'>noua</span> <span class='ocrx_word' id='word_1_142' title='bbox 871 1847 1065 1913; x_wconf 82' lang='lat' dir='ltr'>inuoluitur?</span> <span class='ocrx_word' id='word_1_143' title='bbox 1087 1853 1142 1912; x_wconf 80' lang='lat' dir='ltr'>aut</span> <span class='ocrx_word' id='word_1_144' title='bbox 1165 1847 1293 1930; x_wconf 86' lang='lat' dir='ltr'>spiritus</span> <span class='ocrx_word' id='word_1_145' title='bbox 1314 1847 1348 1911; x_wconf 92' lang='lat' dir='ltr'>in</span> <span class='ocrx_word' id='word_1_146' title='bbox 1366 1847 1532 1931; x_wconf 87' lang='lat' dir='ltr'>sepulchro</span> 
     </span>
     <span class='ocr_line' id='line_1_15' title="bbox 223 1945 1532 2031; baseline 0 -20"><span class='ocrx_word' id='word_1_147' title='bbox 223 1946 392 2030; x_wconf 72' lang='lat' dir='ltr'>sepelitur?</span> <span class='ocrx_word' id='word_1_148' title='bbox 419 1951 474 2010; x_wconf 83' lang='lat' dir='ltr'>aut</span> <span class='ocrx_word' id='word_1_149' title='bbox 495 1947 623 2029; x_wconf 87' lang='lat' dir='ltr'>spiritus</span> <span class='ocrx_word' id='word_1_150' title='bbox 651 1951 698 2012; x_wconf 89' lang='lat' dir='ltr'>est</span> <span class='ocrx_word' id='word_1_151' title='bbox 724 1946 779 2029; x_wconf 91' lang='lat' dir='ltr'>qui</span> <span class='ocrx_word' id='word_1_152' title='bbox 800 1947 901 2012; x_wconf 88' lang='lat' dir='ltr'>teneri</span> <span class='ocrx_word' id='word_1_153' title='bbox 922 1951 954 2011; x_wconf 89' lang='lat' dir='ltr'>et</span> <span class='ocrx_word' id='word_1_154' title='bbox 974 1946 1073 2012; x_wconf 84' lang='lat' dir='ltr'>clauis</span> <span class='ocrx_word' id='word_1_155' title='bbox 1096 1945 1213 2031; x_wconf 84' lang='lat' dir='ltr'>configi</span> <span class='ocrx_word' id='word_1_156' title='bbox 1234 1947 1339 2030; x_wconf 85' lang='lat' dir='ltr'>potuit</span> <span class='ocrx_word' id='word_1_157' title='bbox 1363 1948 1397 2011; x_wconf 94' lang='lat' dir='ltr'>in</span> <span class='ocrx_word' id='word_1_158' title='bbox 1422 1946 1532 2031; x_wconf 79' lang='lat' dir='ltr'>ligno?</span> 
     </span>
     <span class='ocr_line' id='line_1_16' title="bbox 172 2045 1532 2132; baseline 0.001 -22"><span class='ocrx_word' id='word_1_159' title='bbox 172 2046 204 2099; x_wconf 86' lang='lat'>15</span> <span class='ocrx_word' id='word_1_160' title='bbox 222 2045 270 2110; x_wconf 83' lang='lat' dir='ltr'>Ita</span> <span class='ocrx_word' id='word_1_161' title='bbox 288 2047 424 2132; x_wconf 87' lang='lat' dir='ltr'>denique</span> <span class='ocrx_word' id='word_1_162' title='bbox 444 2050 475 2110; x_wconf 91' lang='lat' dir='ltr'>et</span> <span class='ocrx_word' id='word_1_163' title='bbox 496 2051 568 2129; x_wconf 89' lang='lat' dir='ltr'>post</span> <span class='ocrx_word' id='word_1_164' title='bbox 586 2047 855 2124; x_wconf 73' lang='lat' dir='ltr'>resurrectionem,</span> <span class='ocrx_word' id='word_1_165' title='bbox 876 2049 1035 2128; x_wconf 81' lang='lat' dir='ltr'>praescius</span> <span class='ocrx_word' id='word_1_166' title='bbox 1050 2048 1195 2112; x_wconf 88' lang='lat' dir='ltr'>dominus</span> <span class='ocrx_word' id='word_1_167' title='bbox 1216 2047 1398 2111; x_wconf 90' lang='lat' dir='ltr'>huiusmodi</span> <span class='ocrx_word' id='word_1_168' title='bbox 1413 2069 1532 2111; x_wconf 88' lang='lat' dir='ltr'>errores</span> 
     </span>
     <span class='ocr_line' id='line_1_17' title="bbox 222 2145 1532 2231; baseline 0.002 -22"><span class='ocrx_word' id='word_1_169' title='bbox 222 2147 344 2210; x_wconf 86' lang='lat' dir='ltr'>futuros</span> <span class='ocrx_word' id='word_1_170' title='bbox 367 2145 517 2229; x_wconf 85' lang='lat' dir='ltr'>apostolis</span> <span class='ocrx_word' id='word_1_171' title='bbox 540 2148 617 2226; x_wconf 90' lang='lat' dir='ltr'>suis,</span> <span class='ocrx_word' id='word_1_172' title='bbox 645 2168 716 2211; x_wconf 91' lang='lat' dir='ltr'>cum</span> <span class='ocrx_word' id='word_1_173' title='bbox 738 2151 769 2210; x_wconf 88' lang='lat' dir='ltr'>ct</span> <span class='ocrx_word' id='word_1_174' title='bbox 790 2145 852 2229; x_wconf 85' lang='lat' dir='ltr'>ipsi</span> <span class='ocrx_word' id='word_1_175' title='bbox 872 2152 1020 2229; x_wconf 85' lang='lat' dir='ltr'>putarent</span> <span class='ocrx_word' id='word_1_176' title='bbox 1041 2169 1112 2212; x_wconf 87' lang='lat' dir='ltr'>eum</span> <span class='ocrx_word' id='word_1_177' title='bbox 1135 2148 1321 2231; x_wconf 79' lang='lat' dir='ltr'>phantasma</span> <span class='ocrx_word' id='word_1_178' title='bbox 1342 2168 1422 2227; x_wconf 88' lang='lat' dir='ltr'>esse,</span> <span class='ocrx_word' id='word_1_179' title='bbox 1444 2147 1532 2212; x_wconf 89' lang='lat' dir='ltr'>dicit:</span> 
     </span>
     <span class='ocr_line' id='line_1_18' title="bbox 226 2250 1533 2327; baseline 0 -17"><span class='ocrx_word' id='word_1_180' title='bbox 226 2250 305 2320; x_wconf 79' lang='lat' dir='ltr'>Quid</span> <span class='ocrx_word' id='word_1_181' title='bbox 324 2251 490 2310; x_wconf 74' lang='lat' dir='ltr'>conturbati</span> <span class='ocrx_word' id='word_1_182' title='bbox 510 2251 603 2310; x_wconf 74' lang='lat' dir='ltr'>estis?</span> <span class='ocrx_word' id='word_1_183' title='bbox 633 2256 659 2310; x_wconf 81' lang='lat' dir='ltr'>et</span> <span class='ocrx_word' id='word_1_184' title='bbox 680 2269 771 2327; x_wconf 79' lang='lat' dir='ltr'>quare</span> <span class='ocrx_word' id='word_1_185' title='bbox 791 2251 981 2326; x_wconf 75' lang='lat' dir='ltr'>coyitotiooes</span> <span class='ocrx_word' id='word_1_186' title='bbox 1001 2252 1166 2313; x_wconf 75' lang='lat' dir='ltr'>ascendunt</span> <span class='ocrx_word' id='word_1_187' title='bbox 1186 2253 1221 2311; x_wconf 76' lang='lat' dir='ltr'>in</span> <span class='ocrx_word' id='word_1_188' title='bbox 1245 2251 1382 2311; x_wconf 69' lang='lat' dir='ltr'>conditus</span> <span class='ocrx_word' id='word_1_189' title='bbox 1401 2253 1533 2311; x_wconf 66' lang='lat' dir='ltr'>coms?</span> 
     </span>
     <span class='ocr_line' id='line_1_19' title="bbox 227 2349 1533 2428; baseline 0.001 -20"><span class='ocrx_word' id='word_1_190' title='bbox 227 2349 323 2409; x_wconf 80' lang='lat' dir='ltr'>Uidetc</span> <span class='ocrx_word' id='word_1_191' title='bbox 353 2369 464 2410; x_wconf 76' lang='lat' dir='ltr'>maeres</span> <span class='ocrx_word' id='word_1_192' title='bbox 494 2369 576 2410; x_wconf 73' lang='lat' dir='ltr'>meas</span> <span class='ocrx_word' id='word_1_193' title='bbox 601 2356 627 2410; x_wconf 79' lang='lat' dir='ltr'>et</span> <span class='ocrx_word' id='word_1_194' title='bbox 650 2351 740 2427; x_wconf 77' lang='lat' dir='ltr'>pedes</span> <span class='ocrx_word' id='word_1_195' title='bbox 765 2369 846 2410; x_wconf 77' lang='lat' dir='ltr'>meos</span> <span class='ocrx_word' id='word_1_196' title='bbox 874 2352 947 2428; x_wconf 75' lang='lat' dir='ltr'>quio</span> <span class='ocrx_word' id='word_1_197' title='bbox 972 2369 1023 2427; x_wconf 70' lang='lat' dir='ltr'>eoo</span> <span class='ocrx_word' id='word_1_198' title='bbox 1053 2371 1124 2411; x_wconf 80' lang='lat' dir='ltr'>sum</span> <span class='ocrx_word' id='word_1_199' title='bbox 1150 2353 1225 2428; x_wconf 60' lang='lat' dir='ltr'>epse,</span> <span class='ocrx_word' id='word_1_200' title='bbox 1256 2357 1283 2410; x_wconf 81' lang='lat' dir='ltr'>et</span> <span class='ocrx_word' id='word_1_201' title='bbox 1307 2352 1381 2428; x_wconf 80' lang='lat' dir='ltr'>quia</span> <span class='ocrx_word' id='word_1_202' title='bbox 1407 2351 1533 2428; x_wconf 77' lang='lat' dir='ltr'>spiritus</span> 
     </span>
     <span class='ocr_line' id='line_1_20' title="bbox 221 2445 1532 2529; baseline 0 -21"><span class='ocrx_word' id='word_1_203' title='bbox 221 2468 340 2508; x_wconf 67' lang='lat' dir='ltr'>cernon</span> <span class='ocrx_word' id='word_1_204' title='bbox 359 2456 385 2510; x_wconf 82' lang='lat' dir='ltr'>et</span> <span class='ocrx_word' id='word_1_205' title='bbox 405 2469 475 2510; x_wconf 82' lang='lat' dir='ltr'>ossa</span> <span class='ocrx_word' id='word_1_206' title='bbox 495 2469 558 2509; x_wconf 77' lang='lat' dir='ltr'>oon</span> <span class='ocrx_word' id='word_1_207' title='bbox 578 2450 669 2522; x_wconf 81' lang='lat' dir='ltr'>habet,</span> <span class='ocrx_word' id='word_1_208' title='bbox 697 2451 775 2509; x_wconf 81' lang='lat' dir='ltr'>sieut</span> <span class='ocrx_word' id='word_1_209' title='bbox 794 2469 841 2510; x_wconf 82' lang='lat' dir='ltr'>me</span> <span class='ocrx_word' id='word_1_210' title='bbox 862 2451 970 2510; x_wconf 80' lang='lat' dir='ltr'>uidetis</span> <span class='ocrx_word' id='word_1_211' title='bbox 985 2450 1100 2524; x_wconf 44' lang='lat' dir='ltr'>,hahere</span> <span class='ocrx_word' id='word_1_212' title='bbox 1135 2446 1196 2511; x_wconf 85' lang='lat' dir='ltr'>Per</span> <span class='ocrx_word' id='word_1_213' title='bbox 1222 2448 1308 2529; x_wconf 91' lang='lat' dir='ltr'>quod</span> <span class='ocrx_word' id='word_1_214' title='bbox 1333 2445 1443 2528; x_wconf 89' lang='lat' dir='ltr'>utique</span> <span class='ocrx_word' id='word_1_215' title='bbox 1469 2467 1532 2509; x_wconf 91' lang='lat' dir='ltr'>non</span> 
     </span>
     <span class='ocr_line' id='line_1_21' title="bbox 170 2545 1532 2630; baseline 0.004 -27"><span class='ocrx_word' id='word_1_216' title='bbox 170 2547 204 2603; x_wconf 86' lang='lat'>20</span> <span class='ocrx_word' id='word_1_217' title='bbox 221 2550 287 2609; x_wconf 82' lang='lat' dir='ltr'>tem</span> <span class='ocrx_word' id='word_1_218' title='bbox 303 2545 437 2630; x_wconf 84' lang='lat' dir='ltr'>gloriam</span> <span class='ocrx_word' id='word_1_219' title='bbox 451 2545 576 2609; x_wconf 80' lang='lat' dir='ltr'>futurae</span> <span class='ocrx_word' id='word_1_220' title='bbox 596 2546 738 2610; x_wconf 89' lang='lat' dir='ltr'>omnium</span> <span class='ocrx_word' id='word_1_221' title='bbox 756 2546 993 2611; x_wconf 90' lang='lat' dir='ltr'>resurrectionis</span> <span class='ocrx_word' id='word_1_222' title='bbox 1010 2568 1105 2630; x_wconf 80' lang='lat' dir='ltr'>quum</span> <span class='ocrx_word' id='word_1_223' title='bbox 1120 2547 1285 2610; x_wconf 82' lang='lat' dir='ltr'>ueritatem</span> <span class='ocrx_word' id='word_1_224' title='bbox 1302 2567 1377 2609; x_wconf 80' lang='lat' dir='ltr'>suae</span> <span class='ocrx_word' id='word_1_225' title='bbox 1392 2547 1532 2609; x_wconf 80' lang='lat' dir='ltr'>docebat.</span> 
     </span>
     <span class='ocr_line' id='line_1_22' title="bbox 223 2644 1532 2728; baseline 0 -19"><span class='ocrx_word' id='word_1_226' title='bbox 223 2644 285 2709; x_wconf 85' lang='lat' dir='ltr'>Sed</span> <span class='ocrx_word' id='word_1_227' title='bbox 307 2645 384 2728; x_wconf 90' lang='lat' dir='ltr'>quid</span> <span class='ocrx_word' id='word_1_228' title='bbox 405 2645 523 2709; x_wconf 87' lang='lat' dir='ltr'>diutius</span> <span class='ocrx_word' id='word_1_229' title='bbox 543 2647 578 2708; x_wconf 93' lang='lat' dir='ltr'>in</span> <span class='ocrx_word' id='word_1_230' title='bbox 599 2644 693 2709; x_wconf 87' lang='lat' dir='ltr'>rebus</span> <span class='ocrx_word' id='word_1_231' title='bbox 716 2644 913 2710; x_wconf 88' lang='lat' dir='ltr'>euidentibus</span> <span class='ocrx_word' id='word_1_232' title='bbox 934 2645 1157 2710; x_wconf 74' lang='lat' dir='ltr'>immoramur?</span> <span class='ocrx_word' id='word_1_233' title='bbox 1180 2645 1333 2710; x_wconf 76' lang='lat' dir='ltr'>sufficere</span> <span class='ocrx_word' id='word_1_234' title='bbox 1350 2644 1411 2709; x_wconf 92' lang='lat' dir='ltr'>hoc</span> <span class='ocrx_word' id='word_1_235' title='bbox 1430 2644 1532 2709; x_wconf 90' lang='lat' dir='ltr'>solum</span> 
     </span>
     <span class='ocr_line' id='line_1_23' title="bbox 223 2743 970 2827; baseline 0.003 -19"><span class='ocrx_word' id='word_1_236' title='bbox 223 2748 329 2827; x_wconf 88' lang='lat' dir='ltr'>potest</span> <span class='ocrx_word' id='word_1_237' title='bbox 350 2748 434 2827; x_wconf 89' lang='lat' dir='ltr'>quod</span> <span class='ocrx_word' id='word_1_238' title='bbox 457 2767 489 2808; x_wconf 86' lang='lat' dir='ltr'>se</span> <span class='ocrx_word' id='word_1_239' title='bbox 511 2743 613 2808; x_wconf 92' lang='lat' dir='ltr'>filium</span> <span class='ocrx_word' id='word_1_240' title='bbox 637 2744 772 2809; x_wconf 87' lang='lat' dir='ltr'>hominis</span> <span class='ocrx_word' id='word_1_241' title='bbox 795 2744 970 2810; x_wconf 87' lang='lat' dir='ltr'>confitetur.</span> 
     </span>
    </p>
   </div>
   <div class='ocr_carea' id='block_1_4' title="bbox 171 2943 1534 4024">
    <p class='ocr_par' dir='ltr' id='par_1_4' title="bbox 171 2943 1534 4024">
     <span class='ocr_line' id='line_1_24' title="bbox 306 2943 1107 3012; baseline -0.001 -4"><span class='ocrx_word' id='word_1_242' title='bbox 306 2967 329 3008; x_wconf 87' lang='lat' dir='ltr'>c.</span> <span class='ocrx_word' id='word_1_243' title='bbox 351 2944 464 3012; x_wconf 84' lang='lat' dir='ltr'><strong>xllL</strong></span> <span class='ocrx_word' id='word_1_244' title='bbox 499 2949 575 3009; x_wconf 85' lang='lat' dir='ltr'>Mor.</span> <span class='ocrx_word' id='word_1_245' title='bbox 591 2949 631 3008; x_wconf 75' lang='lat' dir='ltr'>d:</span> <span class='ocrx_word' id='word_1_246' title='bbox 653 2943 749 3008; x_wconf 85' lang='lat' dir='ltr'>Cuius</span> <span class='ocrx_word' id='word_1_247' title='bbox 771 2945 908 3008; x_wconf 87' lang='lat' dir='ltr'>hominis</span> <span class='ocrx_word' id='word_1_248' title='bbox 931 2949 978 3008; x_wconf 90' lang='lat' dir='ltr'>est</span> <span class='ocrx_word' id='word_1_249' title='bbox 999 2943 1107 3008; x_wconf 80' lang='lat' dir='ltr'>filius?</span> 
     </span>
     <span class='ocr_line' id='line_1_25' title="bbox 305 3042 1525 3128; baseline -0.001 -21"><span class='ocrx_word' id='word_1_250' title='bbox 305 3048 360 3107; x_wconf 80' lang='lat' dir='ltr'>Ad.</span> <span class='ocrx_word' id='word_1_251' title='bbox 376 3048 414 3107; x_wconf 83' lang='lat' dir='ltr'>d:</span> <span class='ocrx_word' id='word_1_252' title='bbox 437 3042 616 3108; x_wconf 91' lang='lat' dir='ltr'>Secundum</span> <span class='ocrx_word' id='word_1_253' title='bbox 630 3064 754 3108; x_wconf 78' lang='lat' dir='ltr'>curnem</span> <span class='ocrx_word' id='word_1_254' title='bbox 770 3065 807 3106; x_wconf 85' lang='lat' dir='ltr'>ex</span> <span class='ocrx_word' id='word_1_255' title='bbox 822 3043 940 3108; x_wconf 88' lang='lat' dir='ltr'>semine</span> <span class='ocrx_word' id='word_1_256' title='bbox 953 3043 1066 3122; x_wconf 84' lang='lat' dir='ltr'>Dauid,</span> <span class='ocrx_word' id='word_1_257' title='bbox 1082 3045 1163 3109; x_wconf 90' lang='lat' dir='ltr'>sicut</span> <span class='ocrx_word' id='word_1_258' title='bbox 1178 3049 1209 3108; x_wconf 91' lang='lat' dir='ltr'>et</span> <span class='ocrx_word' id='word_1_259' title='bbox 1223 3045 1423 3128; x_wconf 81' lang='lat' dir='ltr'>euangelium</span> <span class='ocrx_word' id='word_1_260' title='bbox 1442 3045 1525 3110; x_wconf 92' lang='lat' dir='ltr'>dicit.</span> 
     </span>
     <span class='ocr_line' id='line_1_26' title="bbox 171 3141 1531 3228; baseline 0.004 -24"><span class='ocrx_word' id='word_1_261' title='bbox 171 3151 205 3205; x_wconf 79' lang='lat'>25</span> <span class='ocrx_word' id='word_1_262' title='bbox 305 3151 379 3208; x_wconf 80' lang='lat' dir='ltr'>Mor.</span> <span class='ocrx_word' id='word_1_263' title='bbox 400 3149 438 3208; x_wconf 79' lang='lat' dir='ltr'>d:</span> <span class='ocrx_word' id='word_1_264' title='bbox 469 3141 505 3206; x_wconf 92' lang='lat' dir='ltr'>In</span> <span class='ocrx_word' id='word_1_265' title='bbox 532 3142 710 3226; x_wconf 81' lang='lat' dir='ltr'>euangelio,</span> <span class='ocrx_word' id='word_1_266' title='bbox 741 3165 813 3208; x_wconf 90' lang='lat' dir='ltr'>cum</span> <span class='ocrx_word' id='word_1_267' title='bbox 835 3142 945 3208; x_wconf 85' lang='lat' dir='ltr'>ludaei</span> <span class='ocrx_word' id='word_1_268' title='bbox 969 3144 1108 3208; x_wconf 85' lang='lat' dir='ltr'>dicerent</span> <span class='ocrx_word' id='word_1_269' title='bbox 1139 3145 1213 3228; x_wconf 80' lang='lat' dir='ltr'>quic</span> <span class='ocrx_word' id='word_1_270' title='bbox 1237 3144 1322 3210; x_wconf 88' lang='lat' dir='ltr'>filius</span> <span class='ocrx_word' id='word_1_271' title='bbox 1351 3150 1398 3210; x_wconf 86' lang='lat' dir='ltr'>est</span> <span class='ocrx_word' id='word_1_272' title='bbox 1418 3145 1531 3223; x_wconf 83' lang='lat' dir='ltr'>Dauid,</span> 
     </span>
     <span class='ocr_line' id='line_1_27' title="bbox 221 3241 1185 3328; baseline -0.001 -22"><span class='ocrx_word' id='word_1_273' title='bbox 221 3243 290 3327; x_wconf 88' lang='lat' dir='ltr'>ipse</span> <span class='ocrx_word' id='word_1_274' title='bbox 312 3241 455 3308; x_wconf 85' lang='lat' dir='ltr'>Christus</span> <span class='ocrx_word' id='word_1_275' title='bbox 476 3247 566 3309; x_wconf 83' lang='lat' dir='ltr'>notat</span> <span class='ocrx_word' id='word_1_276' title='bbox 588 3265 649 3309; x_wconf 89' lang='lat' dir='ltr'>eos.</span> <span class='ocrx_word' id='word_1_277' title='bbox 684 3242 735 3320; x_wconf 83' lang='lat' dir='ltr'>Et,</span> <span class='ocrx_word' id='word_1_278' title='bbox 756 3242 783 3306; x_wconf 85' lang='lat' dir='ltr'>si</span> <span class='ocrx_word' id='word_1_279' title='bbox 804 3242 862 3321; x_wconf 85' lang='lat' dir='ltr'>uis,</span> <span class='ocrx_word' id='word_1_280' title='bbox 882 3243 955 3326; x_wconf 84' lang='lat' dir='ltr'>lego</span> <span class='ocrx_word' id='word_1_281' title='bbox 978 3243 1185 3328; x_wconf 82' lang='lat' dir='ltr'>euangelium.</span> 
     </span>
     <span class='ocr_line' id='line_1_28' title="bbox 305 3341 568 3426; baseline 0.004 -20"><span class='ocrx_word' id='word_1_282' title='bbox 305 3347 392 3407; x_wconf 73' lang='lat' dir='ltr'>Fartr.</span> <span class='ocrx_word' id='word_1_283' title='bbox 414 3348 454 3406; x_wconf 78' lang='lat' dir='ltr'>d:</span> <span class='ocrx_word' id='word_1_284' title='bbox 476 3341 568 3426; x_wconf 80' lang='lat' dir='ltr'>Lege.</span> 
     </span>
     <span class='ocr_line' id='line_1_29' title="bbox 307 3441 1533 3526; baseline 0.001 -19"><span class='ocrx_word' id='word_1_285' title='bbox 307 3449 383 3508; x_wconf 81' lang='lat' dir='ltr'>Mar.</span> <span class='ocrx_word' id='word_1_286' title='bbox 398 3448 437 3506; x_wconf 78' lang='lat' dir='ltr'>d:</span> <span class='ocrx_word' id='word_1_287' title='bbox 458 3442 549 3506; x_wconf 84' lang='lat' dir='ltr'>Dixit</span> <span class='ocrx_word' id='word_1_288' title='bbox 563 3441 663 3507; x_wconf 89' lang='lat' dir='ltr'>Iesus:</span> <span class='ocrx_word' id='word_1_289' title='bbox 690 3447 769 3517; x_wconf 77' lang='lat' dir='ltr'>Quid</span> <span class='ocrx_word' id='word_1_290' title='bbox 788 3447 874 3506; x_wconf 79' lang='lat' dir='ltr'>cobis</span> <span class='ocrx_word' id='word_1_291' title='bbox 895 3448 1014 3506; x_wconf 70' lang='lat' dir='ltr'>ciderio</span> <span class='ocrx_word' id='word_1_292' title='bbox 1034 3449 1067 3508; x_wconf 77' lang='lat' dir='ltr'>de</span> <span class='ocrx_word' id='word_1_293' title='bbox 1092 3449 1233 3509; x_wconf 71' lang='lat' dir='ltr'>Christo?</span> <span class='ocrx_word' id='word_1_294' title='bbox 1254 3450 1342 3509; x_wconf 75' lang='lat' dir='ltr'>cuius</span> <span class='ocrx_word' id='word_1_295' title='bbox 1362 3449 1448 3526; x_wconf 79' lang='lat' dir='ltr'>filius</span> <span class='ocrx_word' id='word_1_296' title='bbox 1468 3449 1533 3508; x_wconf 76' lang='lat' dir='ltr'>est?</span> 
     </span>
     <span class='ocr_line' id='line_1_30' title="bbox 223 3546 1533 3625; baseline 0.001 -18"><span class='ocrx_word' id='word_1_297' title='bbox 223 3548 336 3607; x_wconf 75' lang='lat' dir='ltr'>Dicunt</span> <span class='ocrx_word' id='word_1_298' title='bbox 349 3547 393 3606; x_wconf 82' lang='lat' dir='ltr'>ci:</span> <span class='ocrx_word' id='word_1_299' title='bbox 414 3547 525 3610; x_wconf 77' lang='lat' dir='ltr'>Dauid.</span> <span class='ocrx_word' id='word_1_300' title='bbox 554 3548 606 3607; x_wconf 71' lang='lat' dir='ltr'>Ait</span> <span class='ocrx_word' id='word_1_301' title='bbox 624 3547 667 3606; x_wconf 79' lang='lat' dir='ltr'>eis</span> <span class='ocrx_word' id='word_1_302' title='bbox 681 3546 782 3607; x_wconf 74' lang='lat' dir='ltr'>Iesus:</span> <span class='ocrx_word' id='word_1_303' title='bbox 807 3547 961 3617; x_wconf 79' lang='lat' dir='ltr'>Quomodo</span> <span class='ocrx_word' id='word_1_304' title='bbox 983 3567 1049 3624; x_wconf 75' lang='lat' dir='ltr'>erqo</span> <span class='ocrx_word' id='word_1_305' title='bbox 1064 3549 1167 3608; x_wconf 81' lang='lat' dir='ltr'>Dauid</span> <span class='ocrx_word' id='word_1_306' title='bbox 1187 3549 1222 3607; x_wconf 80' lang='lat' dir='ltr'>in</span> <span class='ocrx_word' id='word_1_307' title='bbox 1243 3549 1353 3625; x_wconf 74' lang='lat' dir='ltr'>spiritu</span> <span class='ocrx_word' id='word_1_308' title='bbox 1374 3549 1533 3609; x_wconf 72' lang='lat' dir='ltr'>dominum</span> 
     </span>
     <span class='ocr_line' id='line_1_31' title="bbox 173 3645 1534 3709; baseline 0.004 -6"><span class='ocrx_word' id='word_1_309' title='bbox 173 3649 206 3704; x_wconf 85' lang='lat'>30</span> <span class='ocrx_word' id='word_1_310' title='bbox 223 3652 309 3706; x_wconf 79' lang='lat' dir='ltr'>uocat</span> <span class='ocrx_word' id='word_1_311' title='bbox 334 3665 403 3706; x_wconf 84' lang='lat' dir='ltr'>ewm</span> <span class='ocrx_word' id='word_1_312' title='bbox 428 3647 543 3706; x_wconf 77' lang='lat' dir='ltr'>dicens:</span> <span class='ocrx_word' id='word_1_313' title='bbox 575 3647 661 3706; x_wconf 72' lang='lat' dir='ltr'>Dixit</span> <span class='ocrx_word' id='word_1_314' title='bbox 686 3647 828 3706; x_wconf 67' lang='lat' dir='ltr'>dominus</span> <span class='ocrx_word' id='word_1_315' title='bbox 853 3645 975 3706; x_wconf 80' lang='lat' dir='ltr'>domino</span> <span class='ocrx_word' id='word_1_316' title='bbox 995 3665 1075 3706; x_wconf 85' lang='lat' dir='ltr'>mco:</span> <span class='ocrx_word' id='word_1_317' title='bbox 1104 3647 1176 3707; x_wconf 84' lang='lat' dir='ltr'>Sede</span> <span class='ocrx_word' id='word_1_318' title='bbox 1197 3667 1216 3707; x_wconf 84' lang='lat' dir='ltr'><strong><em>a</em></strong></span> <span class='ocrx_word' id='word_1_319' title='bbox 1236 3648 1350 3707; x_wconf 61' lang='lat' dir='ltr'>destris</span> <span class='ocrx_word' id='word_1_320' title='bbox 1366 3649 1464 3708; x_wconf 76' lang='lat' dir='ltr'>owis?</span> <span class='ocrx_word' id='word_1_321' title='bbox 1497 3648 1534 3709; x_wconf 82' lang='lat' dir='ltr'>Si</span> 
     </span>
     <span class='ocr_line' id='line_1_32' title="bbox 223 3741 1532 3824; baseline 0.004 -20"><span class='ocrx_word' id='word_1_322' title='bbox 223 3764 290 3822; x_wconf 74' lang='lat' dir='ltr'>erqo</span> <span class='ocrx_word' id='word_1_323' title='bbox 308 3747 413 3806; x_wconf 80' lang='lat' dir='ltr'>Dauid</span> <span class='ocrx_word' id='word_1_324' title='bbox 432 3747 467 3806; x_wconf 83' lang='lat' dir='ltr'>io</span> <span class='ocrx_word' id='word_1_325' title='bbox 488 3747 598 3823; x_wconf 74' lang='lat' dir='ltr'>spiritu</span> <span class='ocrx_word' id='word_1_326' title='bbox 618 3747 778 3806; x_wconf 81' lang='lat' dir='ltr'>dominum</span> <span class='ocrx_word' id='word_1_327' title='bbox 799 3765 868 3806; x_wconf 79' lang='lat' dir='ltr'>eom</span> <span class='ocrx_word' id='word_1_328' title='bbox 888 3746 967 3823; x_wconf 80' lang='lat' dir='ltr'>dicit,</span> <span class='ocrx_word' id='word_1_329' title='bbox 988 3748 1135 3824; x_wconf 81' lang='lat' dir='ltr'>quomodo</span> <span class='ocrx_word' id='word_1_330' title='bbox 1157 3747 1242 3823; x_wconf 78' lang='lat' dir='ltr'>filius</span> <span class='ocrx_word' id='word_1_331' title='bbox 1263 3748 1327 3806; x_wconf 64' lang='lat' dir='ltr'>mers</span> <span class='ocrx_word' id='word_1_332' title='bbox 1348 3749 1412 3807; x_wconf 74' lang='lat' dir='ltr'>eci?</span> <span class='ocrx_word' id='word_1_333' title='bbox 1432 3741 1532 3809; x_wconf 88' lang='lat' dir='ltr'>Uides</span> 
     </span>
     <span class='ocr_line' id='line_1_33' title="bbox 224 3840 1532 3926; baseline 0.003 -23"><span class='ocrx_word' id='word_1_334' title='bbox 224 3843 382 3925; x_wconf 90' lang='lat' dir='ltr'>quomodo</span> <span class='ocrx_word' id='word_1_335' title='bbox 404 3845 494 3906; x_wconf 87' lang='lat' dir='ltr'>notat</span> <span class='ocrx_word' id='word_1_336' title='bbox 516 3863 569 3906; x_wconf 92' lang='lat' dir='ltr'>eos</span> <span class='ocrx_word' id='word_1_337' title='bbox 587 3842 726 3907; x_wconf 87' lang='lat' dir='ltr'>dicentes</span> <span class='ocrx_word' id='word_1_338' title='bbox 748 3840 928 3924; x_wconf 77' lang='lat' dir='ltr'>quintilius</span> <span class='ocrx_word' id='word_1_339' title='bbox 951 3846 998 3906; x_wconf 88' lang='lat' dir='ltr'>est</span> <span class='ocrx_word' id='word_1_340' title='bbox 1015 3840 1122 3906; x_wconf 84' lang='lat' dir='ltr'>Dauid</span> <span class='ocrx_word' id='word_1_341' title='bbox 1152 3845 1239 3926; x_wconf 89' lang='lat' dir='ltr'>quod</span> <span class='ocrx_word' id='word_1_342' title='bbox 1260 3843 1327 3906; x_wconf 91' lang='lat' dir='ltr'>sine</span> <span class='ocrx_word' id='word_1_343' title='bbox 1346 3843 1442 3908; x_wconf 90' lang='lat' dir='ltr'>dubio</span> <span class='ocrx_word' id='word_1_344' title='bbox 1464 3843 1532 3926; x_wconf 87' lang='lat' dir='ltr'>ipse</span> 
     </span>
     <span class='ocr_line' id='line_1_34' title="bbox 223 3939 607 4024; baseline 0.008 -21"><span class='ocrx_word' id='word_1_345' title='bbox 223 3943 319 4024; x_wconf 80' lang='lat' dir='ltr'>neget</span> <span class='ocrx_word' id='word_1_346' title='bbox 340 3940 396 4024; x_wconf 88' lang='lat' dir='ltr'>qui</span> <span class='ocrx_word' id='word_1_347' title='bbox 415 3939 489 4005; x_wconf 89' lang='lat' dir='ltr'>illos</span> <span class='ocrx_word' id='word_1_348' title='bbox 510 3945 607 4006; x_wconf 85' lang='lat' dir='ltr'>notat</span> 
     </span>
    </p>
   </div>
   <div class='ocr_carea' id='block_1_5' title="bbox 224 4577 1591 4734">
    <p class='ocr_par' dir='ltr' id='par_1_5' title="bbox 224 4577 1591 4734">
     <span class='ocr_line' id='line_1_35' title="bbox 311 4577 1591 4654; baseline 0 -20"><span class='ocrx_word' id='word_1_349' title='bbox 311 4578 350 4634; x_wconf 79' lang='lat'>14</span> <span class='ocrx_word' id='word_1_350' title='bbox 369 4579 435 4635; x_wconf 89' lang='lat' dir='ltr'>Cod.</span> <span class='ocrx_word' id='word_1_351' title='bbox 453 4579 573 4649; x_wconf 82' lang='lat' dir='ltr'>confingi</span> <span class='ocrx_word' id='word_1_352' title='bbox 597 4581 601 4646; x_wconf 95' lang='grc' dir='ltr'>Ι</span> <span class='ocrx_word' id='word_1_353' title='bbox 626 4579 666 4634; x_wconf 78' lang='lat'>20</span> <span class='ocrx_word' id='word_1_354' title='bbox 684 4579 749 4635; x_wconf 88' lang='lat' dir='ltr'>Cod.</span> <span class='ocrx_word' id='word_1_355' title='bbox 768 4579 863 4649; x_wconf 82' lang='lat' dir='ltr'>glorie.</span> <span class='ocrx_word' id='word_1_356' title='bbox 897 4579 991 4634; x_wconf 86' lang='lat' dir='ltr'>Durch</span> <span class='ocrx_word' id='word_1_357' title='bbox 1009 4577 1127 4634; x_wconf 79' lang='lat' dir='ltr'>Einfluss</span> <span class='ocrx_word' id='word_1_358' title='bbox 1145 4580 1192 4634; x_wconf 90' lang='lat' dir='ltr'>des</span> <span class='ocrx_word' id='word_1_359' title='bbox 1210 4578 1276 4649; x_wconf 83' lang='lat' dir='ltr'>folg.</span> <span class='ocrx_word' id='word_1_360' title='bbox 1297 4579 1435 4634; x_wconf 72' lang='lat' dir='ltr'>»futurae«</span> <span class='ocrx_word' id='word_1_361' title='bbox 1455 4581 1531 4650; x_wconf 87' lang='lat' dir='ltr'>(Cod.</span> <span class='ocrx_word' id='word_1_362' title='bbox 1587 4645 1591 4654; x_wconf 32' lang='lat'>¹</span> 
     </span>
     <span class='ocr_line' id='line_1_36' title="bbox 224 4663 1480 4734; baseline 0.002 -18"><span class='ocrx_word' id='word_1_363' title='bbox 224 4663 324 4727; x_wconf 81' lang='lat' dir='ltr'>future)</span> <span class='ocrx_word' id='word_1_364' title='bbox 343 4663 508 4718; x_wconf 80' lang='lat' dir='ltr'>entstonden</span> <span class='ocrx_word' id='word_1_365' title='bbox 523 4665 527 4731; x_wconf 92' lang='grc' dir='ltr'>Ι</span> <span class='ocrx_word' id='word_1_366' title='bbox 543 4663 608 4719; x_wconf 83' lang='lat' dir='ltr'>Cod.</span> <span class='ocrx_word' id='word_1_367' title='bbox 626 4663 758 4718; x_wconf 78' lang='lat' dir='ltr'>ueritatis.</span> <span class='ocrx_word' id='word_1_368' title='bbox 794 4664 886 4719; x_wconf 89' lang='lat' dir='ltr'>Durch</span> <span class='ocrx_word' id='word_1_369' title='bbox 904 4664 1023 4720; x_wconf 81' lang='lat' dir='ltr'>Einfluss</span> <span class='ocrx_word' id='word_1_370' title='bbox 1042 4663 1089 4718; x_wconf 87' lang='lat' dir='ltr'>des</span> <span class='ocrx_word' id='word_1_371' title='bbox 1107 4665 1172 4734; x_wconf 83' lang='lat' dir='ltr'>folg.</span> <span class='ocrx_word' id='word_1_372' title='bbox 1194 4681 1288 4718; x_wconf 73' lang='lat' dir='ltr'>»sune«</span> <span class='ocrx_word' id='word_1_373' title='bbox 1308 4665 1480 4720; x_wconf 69' lang='lat' dir='ltr'>ent-standon.</span> 
     </span>
    </p>
   </div>
   <div class='ocr_carea' id='block_1_6' title="bbox 0 0 1876 5528">
    <p class='ocr_par' dir='ltr' id='par_1_6' title="bbox 0 0 1876 5528">
     <span class='ocr_line' id='line_1_37' title="bbox 0 0 1876 5528; baseline 0 0"><span class='ocrx_word' id='word_1_374' title='bbox 0 0 1876 5528; x_wconf 95' lang='lat' dir='ltr'> </span> 
     </span>
    </p>
   </div>
  </div>
 </body>
</html>
