3744 5524
356 506 414 567 114
910 495 1101 553 Adamantius.
1198 495 1239 551 De
1255 495 1285 548 1ο
1301 495 1359 550 Rue
1377 494 1402 548 11
1419 494 1563 552 8330-111
1579 497 1660 554 8346

435 664 504 730 ΑΔ.
533 654 651 731 Ἄκουε
671 655 778 732 αὐτοῦ
799 665 862 732 τοῦ
883 664 1039 750 σωτῆρος
1060 662 1097 729 ἐν
1119 663 1170 748 τῷ
1193 656 1373 748 εὐαγγελίῳ
1396 664 1569 748 λέγοντος·
1591 659 1660 732 ἐὰν

352 754 371 831 6
393 757 525 845 δεξιός
546 753 762 848 ὀφθαλμός
784 781 853 832 σου
873 763 1118 845 σκανδαλίζῃ
1139 780 1192 843 σε,
1215 759 1323 844 ἔξελε
1338 755 1544 833 αότὸνκαλ
1565 757 1660 843 βάλε

351 855 429 931 άπὸ
451 864 535 943 σοῦ,
565 863 756 948 συμφέρει
778 854 850 947 γάρ
871 879 933 929 σοι
955 861 1018 930 ίνα
1040 853 1243 946 άπόληται
1265 861 1307 929 ἓν
1327 865 1411 932 τῶν
1431 865 1566 950 μελῶν
1588 883 1659 931 σου

349 953 372 1047 6
395 951 493 1030 όλον
514 955 560 1029 τὸ
582 953 693 1047 σῶμά
714 979 786 1030 σου
805 965 936 1047 βληθῇ
959 963 1014 1040 είς
1035 962 1203 1045 γέενναν
1223 954 1359 1046 πυρός.

314 1073 331 1126 5
433 1064 568 1142 Em,
595 1053 755 1145 (άναστὰς
777 1053 825 1140 ὥς
845 1053 980 1147 κριτής,
1007 1054 1096 1145 πρὸς
1121 1054 1254 1140 πάντας
1275 1058 1356 1140 τούς
1378 1054 1547 1147 ἀκροατὰς
1568 1059 1657 1149 ἔφη)

350 1162 523 1247 Μεγέθιον
550 1163 614 1246 μὲν
647 1163 703 1230 καί
732 1163 875 1246 Μάρκον
909 1161 966 1226 καὶ
1002 1156 1084 1239 τούς
1117 1154 1256 1240 τούτοις
1288 1152 1473 1247 ὁμοδόξους
1501 1153 1658 1248 ἠλιθίους

311 1253 592 1345 ῖδπολαμβάνω·
623 1255 754 1346 σφόδρα
776 1254 839 1345 γάρ
861 1263 1100 1345 πιθανωτέραι
1121 1251 1364 1345 αίἛλληνικαί
1386 1265 1573 1347 τραγῳδίαι
1594 1265 1656 1349 τῆς

347 1354 487 1430 τούτων
513 1351 720 1438 δποδέσεως.
763 1351 782 1428 6
812 1361 874 1446 μέν
902 1354 966 1445 γάρ
993 1362 1162 1445 Μεγέίλιος
1192 1373 1280 1444 τρεῖς
1310 1351 1413 1445 άρχὰς
1446 1351 1654 1478 ὁρισάμενος,

345 1452 491 1546 άγαδῆν,
506 1459 648 1540 δικαίαν,
670 1452 838 1546 πονηράν,
859 1449 1000 1544 όνόμασι
1015 1452 1124 1576 μόνρν
1139 1451 1403 1545 έπιχρησάμενος
1416 1454 1559 1546 ἐσφάλη·
1582 1464 1655 1528 τῶν

296 1573 329 1629 10
346 1554 409 1645 γὰρ
430 1550 642 1643 πραγμάτων
669 1548 942 1644 ςητηδέντων“
922 1583 941 1626 ο
963 1552 1117 1645 πονηρὸς
1140 1548 1182 1626 όν
1204 1549 1406 1642 ἔφασκενο
1370 1583 1508 1647 ευρηται
1529 1553 1654 1627 δικαιό-

346 1681 479 1778 τερος.
465 1659 689 1821 τοῦΜδικαίου,
711 1646 832 1726 καλόν
850 1658 984 1725 δίκαιον
1005 1655 1119 1744 ἔλεγεν
1139 1649 1325 1743 ἀπεφάνθη
1346 1651 1570 1777 άγαθοίτερος
1591 1663 1654 1728 τοῦ

345 1849 450 1942 λόγου
464 1847 755 1942 έξεταζομένου,ε
734 1881 755 1942 η
776 1879 913 1943 πονηρα
928 1848 1012 1942 άρχη
999 1810 1233 1943 άγαθάτέρα
1252 1858 1308 1923 καὶ
1329 1812 1582 1975 πλουσιωτέρά
1590 1861 1652 1945 τῆς

310 1985 325 2024 ε
344 1949 476 2042 αγαέίης
501 1955 641 2039 πέφηνε.
682 1958 740 2022 καί
762 1981 819 2041 μοι
846 1956 941 2024 δοκεῖ
958 1946 1067 2042 μόνον
1092 1945 1210 2042 ὀρθῶς
1231 1948 1484 2040 ἀποφαίνεσθαι
1506 1952 1571 2025 τὸν
1593 1949 1650 2026 676
1733 2001 1739 2012 -

293 2065 325 2119 15
343 2043 562 2142 Ἀδαμαντίου
582 2053 767 2124 ἐκτεθέντα
789 2052 847 2122 ἕνα
869 2047 969 2136 θεόν,
999 2057 1143 2140 κτίστην
1163 2059 1219 2122 καὶ
1246 2048 1494 2141 δημιουργόν(
1472 2050 1650 2139 απάντων,

344 2147 449 2240 λόγον
470 2151 630 2238 ἔχονταέ
633 2155 734 2240 νεργῆ
753 2158 810 2221 καὶ
830 2156 963 2238 πνεῦμα
983 2143 1091 2239 άγιον,
1118 2143 1157 2232 ὃς
1177 2145 1325 2222 πάντων
1344 2169 1475 2242 κρατεῖ,
1506 2143 1536 2243 ᾧ
1559 2149 1651 2226 άντί-

343 2277 450 2322 κειται
472 2245 585 2334 οὐδέν,
613 2241 653 2321 06
674 2257 717 2338 τῇ
738 2256 843 2339 βουλῇ
866 2244 943 2321 οὐδὲ
946 2277 966 2318 ν
988 2240 1263 2338 ἀνθέστηκεν,
1235 2279 1265 2340 φ
1289 2255 1429 2333 δικαίως
1449 2247 1649 2340 πρόσκειται

343 2379 364 2439 η
384 2347 554 2439 καθολικη
575 2354 747 2439 ἐκκλησία,
779 2344 889 2440 ὀρθοῦ
916 2344 1084 2437 δόγματος
1109 2319 1355 2439 προιστάμένη,
1386 2342 1426 2441 ἧς
1446 2357 1582 2440 γένοιτο
1605 2360 1648 2442 τῇ

342 2444 445 2538 άγέλη
466 2443 550 2538 κάμὲ
571 2453 879 2538 συναριθμηδῆναι,
902 2443 995 2519 οὕτω
1019 2443 1208 2534 δοξάζοντα
1228 2442 1340 2520 262⁰
1298 2476 1393 2520 ουτω
1415 2457 1621 2540 φρονοῦντα.
1642 2461 1646 2536 Ι

288 2885 322 2942 ²0
870 2883 999 2952 zweiter
1020 2883 1114 2952 Theil.

269 3059 321 3114 834
422 3051 634 3115 ΜΑΡΙΝΟΣ
657 3042 954 3136 Βαρδησιανιστής.
998 3051 1132 3136 Βραχέα
1155 3051 1362 3135 βουλομένου
1382 3072 1448 3131 μου
1469 3045 1643 3137 γυμνάσαι,

338 3139 523 3232 ἀνάσχεσθε
546 3137 743 3234 όρέίοτάτου
765 3142 933 3233 δόγματος
954 3147 1213 3235 προισταμένου.

420 3250 484 3313 EF
484 3251 541 3315 ΤΡ.
583 3247 668 3332 Λέγε
689 3240 739 3333 66.

419 3348 523 3414 MAP.
563 3338 742 3414 Ἑκάστοτε
767 3347 800 3415 σί
821 3338 1051 3433 άπλοάστεροι
1072 3349 1227 3434 καὶπερὶ
1249 3342 1311 3426 τὰς
1331 3343 1464 3434 γραφὰς
1487 3340 1643 3434 άνοὴτως

284 3455 316 3510 25
336 3440 519 3533 φερόμενοι
540 3441 656 3525 άλλως
677 3441 721 3513 τὰ
742 3447 950 3532 γεγραμμένα
973 3440 1159 3525 βούλονται
1181 3461 1285 3528 νοεῖν,
1310 3436 1394 3531 ὅπερ
1416 3442 1557 3532 ἄλογον·
1588 3444 1643 3516 διὰ

335 3547 440 3614 τοῦτο
466 3539 631 3632 βούλομαι
657 3537 709 3612 ἐπ’
731 3537 927 3632 Εότροπίου
953 3545 1057 3628 δεῖξαι
1085 3547 1114 3612 εί
1137 3538 1229 3632 ἡμεῖς
1251 3538 1478 3633 εὐγνωμόνως
1499 3551 1577 3634 περὶ
1599 3543 1643 3615 τὰ

334 3636 486 3731 δόγματα
507 3647 583 3711 τῶν
603 3647 750 3731 γραφῶν
771 3636 946 3730 φερόμεθα
968 3635 990 3728 6
1012 3638 1111 3731 ὑμεῖς.

239 3821 241 3828 ¹
339 3769 343 3774 ·
416 3747 483 3812 ΑΔ.
518 3735 646 3832 Ὅρισαι
667 3747 814 3829 πρῶτον
834 3747 937 3811 ποίου
959 3736 1128 3832 δόγματος
1149 3748 1353 3833 προίστασαι
1371 3748 1426 3812 καί
1449 3745 1555 3814 ἔκδου
1576 3742 1642 3832 τὴν

332 3847 450 3913 πίστιν
471 3834 568 3922 ὅπως
588 3847 674 3912 ποτε
689 3837 847 3928 δοξάζεις,
870 3834 912 3911 ί’ν’
936 3833 1050 3923 οὕτως
1071 3837 1092 3931 6
1115 3840 1251 3932 ζήτησις
1273 3845 1418 3932 γένηται.
1454 3845 1483 3912 εί
1504 3838 1568 3933 γάρ
1591 3871 1642 3925 τις

413 4333 496 4404 1-4]
514 4333 565 4389 Mt.
577 4337 606 4390 5:
620 4333 661 4387 29.

413 4487 450 4542 11
471 4483 642 4557 άνεφάνδηλ
666 4487 670 4555 ί
695 4485 733 4542 12
752 4486 875 4558 Μᾶρκος
891 4484 921 4541 δέ
939 4483 1086 4540 ABCFGH
1103 4484 1167 4550 Pia,
1186 4485 1300 4552 Humfr„
1319 4486 1388 4552 Rufi,
1411 4485 1441 4542 δέ
1460 4486 1612 4547 <d.t1br.
1634 4497 1638 4554 1

328 4569 365 4626 14
377 4569 493 4640 πέφηνε]
509 4571 669 4641 »apparuit«
680 4570 751 4637 Rus„
761 4565 889 4638 ἀπέφηνε
899 4568 1003 4625 (1.1188.
1017 4571 1020 4638 ί
1033 4567 1124 4642 ὀρθὸν
1133 4570 1208 4624 A¹B¹
1220 4573 1222 4638 ζ
1235 4571 1274 4626 22
1287 4566 1449 4642 ἀνάσχεσθε
1458 4570 1638 4638 mmm,

325 4651 503 4726 ἀνασχέσθαι
519 4655 647 4724 ΔῖΒίΟΕ,
666 4653 804 4726 ἀνέχεσθε
822 4655 848 4711 6
868 4658 971 4725 Ausgg.
988 4655 1049 4722 12⁹
1067 4648 1098 4709 εί
1110 4673 1153 4720 τις
1169 4651 1226 4728 γὰρ
1245 4655 1271 4710 d.
1289 4655 1360 4710 HSS.
