3744 5524
387 521 427 584 50
946 512 1135 568 Adamantius
1347 511 1388 568 De
1403 513 1434 568 1⁸
1450 511 1507 568 Rue
1525 513 1537 566 1
1554 513 1691 570 emb-<L

388 679 477 763 λέγει
503 678 538 744 δέ
563 679 619 744 καί
645 679 682 745 ἐν
708 681 759 766 τῷ
787 671 980 766 εὐαγγελίῳ·
1011 673 1143 762 ὥσπερ
1172 670 1193 764 ἡ
1219 671 1402 766 ἀστραπὴ
1428 679 1602 759 ἐκβαίνει
1627 671 1690 748 ἄπ’

388 769 602 844 άνατολοῦν
622 781 686 843 καί
709 780 897 862 φαίνεται
919 778 992 859 ἓως
1014 783 1186 865 δυσμῶν,
1210 768 1340 858 οῦτως
1362 777 1474 846 ἐσται
1493 770 1516 863 ἡ
1538 776 1692 858 ἐ’λευσις

388 879 461 946 τοῦ
480 877 570 944 υίοῦ
591 878 664 944 τοῦ
684 869 911 962 άνθροόπου.
949 882 1202 966 τηλαυγέστατα
1217 880 1381 948 δέδεικται
1403 869 1424 963 ἡ
1445 876 1570 958 ἐλευσις
1584 871 1691 946 αῦτοῦ

388 968 410 1062 ἦ
430 973 567 1063 πριότη,
598 978 636 1044 ἐν
658 973 955 1064 ταπεινοφροσύνῃ
976 994 1140 1066 γεγονυῖα,
1166 977 1225 1046 καί
1247 970 1269 1063 ἡ
1289 979 1456 1063 μέλλουσα
1477 976 1515 1044 ἐν
1536 981 1579 1062 τῇ
1600 969 1690 1062 δόξῃ.

352 1068 494 1143 σαῦτοῦ
514 1077 633 1144 τοίνυν
650 1076 687 1144 ἐν
702 1081 745 1162 τῇ
766 1081 808 1162 γῇ
829 1067 931 1158 ὄντος
948 1082 1004 1145 καί
1026 1075 1133 1164 άλλην
1153 1081 1342 1163 παρουσίαν
1362 1071 1603 1162 κηρύττοντος,
1625 1075 1691 1162 τὴν

387 1176 425 1244 ἐν
437 1169 517 1259 δόξῃ
533 1167 738 1260 ὀφείλουσαν
753 1179 918 1261 γενέσθαι,
941 1179 1023 1258 ἴσως
1041 1171 1132 1264 δμείς
1154 1177 1373 1246 ἐναντιοῦσθε
1395 1191 1469 1256 ταῖς
1490 1170 1551 1245 δῦο
1566 1200 1691 1262 παρου-

387 1280 484 1355 οίαις·
514 1264 595 1343 οῦτε
620 1268 683 1360 γάρ
709 1271 775 1361 τὴν
799 1275 943 1364 προότην
970 1271 1075 1345 αῦτοῦ
1100 1280 1288 1361 παρουσίαν
1309 1276 1495 1361 ἐπέγνωτε,
1526 1264 1606 1344 οῦτε
1626 1271 1692 1360 τὴν

387 1371 496 1462 ἄλλην
516 1371 738 1460 προσδοκᾶτε,
760 1371 805 1461 μὴ
827 1379 995 1457 συνιέντες
1016 1371 1059 1445 τά
1080 1378 1238 1455 θειωδῶς
1259 1377 1543 1461 προστεταγμένα.

355 1503 371 1542 ο
470 1478 573 1542 ΜΕΓ.
614 1467 745 1561 Ἀκριβῆ
775 1495 829 1543 σοι
859 1469 1032 1558 ἀπόδειξιν
1061 1466 1244 1560 παρέξω”
1225 1500 1279 1543 οτι
1305 1468 1486 1562 άλλότριος
1512 1462 1554 1560 ἦν
1584 1466 1603 1542 ό
1628 1476 1692 1542 τοῦ

337 1581 370 1638 10
386 1567 494 1691 νόμου
514 1577 570 1641 καί
593 1577 666 1642 τῶν
687 1578 878 1661 προφητῶν
900 1568 1057 1662 Χριστός.
1100 1569 1257 1661 Ἰωάννης
1279 1566 1341 1641 οῦκ
1362 1566 1617 1658 ἐπέγνωκεν’
1575 1567 1691 1654 αυτόν,

388 1664 407 1741 ό
421 1662 494 1794 ἦν.
503 1666 689 1753 άδῦνατον,
720 1668 904 1760 προφήτην
929 1669 994 1743 τόν
1020 1675 1058 1742 ἐκ
1085 1677 1244 1762 γενέσεως
1269 1665 1433 1759 ἀγνοῆσαι
1458 1667 1522 1741 τὸν
1544 1668 1693 1756 Χριστὸν

388 1767 506 1843 αῦτοῦ
528 1765 701 1852 άκοῦοας
722 1768 794 1859 γάρ
816 1775 858 1842 ἐν
880 1777 935 1860 τῷ
958 1776 1218 1891 δεσμωτηρίῳ
1240 1768 1289 1841 τά
1304 1771 1395 1858 ἔργα
1417 1796 1488 1839 του
1472 1774 1691 1856 ’Χριστοῦ

389 1873 538 1956 ἔπεμψε
559 1868 655 1952 τοῦς
680 1868 863 1957 μαθητάς
884 1867 1010 1941 αῦτοῦ
1030 1871 1129 1957 πρὸς
1156 1865 1279 1940 αῦτόν
1301 1875 1439 1957 λέγων·
1470 1868 1516 1938 σύ
1537 1864 1610 1940 είδ
1632 1873 1692 1957 ἐρ-

386 1966 557 2057 χόμενος
578 1964 600 2056 ἢ
623 1970 764 2056 ἕτερον
785 1975 1086 2058 προοδοκῶμεν,·

338 2077 370 2132 15
471 2074 538 2139 ΑΔ.
580 2072 622 2137 Et
655 2073 730 2154 περί
762 2074 914 2156 Χριστοῦ
948 2065 1162 2140 ἐπυνθάνετο
1193 2064 1363 2157 Ἰωάννης,
1398 2069 1501 2152 ἔλεξε·
1535 2067 1576 2138 σύ
1610 2068 1642 2139 εί
1672 2062 1692 2136 ὁ

388 2163 545 2258 Χριστός,
561 2164 681 2255 φάσκει
696 2163 773 2257 γάρ·
794 2167 839 2238 οῦ
857 2169 894 2239 εί
911 2162 931 2239 ό
953 2163 1168 2257 ἐρχόμενος
1189 2163 1211 2256 ἢ
1234 2167 1373 2254 ἐτερον
1387 2172 1693 2258 προσδοκῶμεν;

352 2273 450 2339 ᾶνῦν
475 2276 594 2340 τοίνυν
622 2263 684 2338 οῦκ
711 2269 781 2337 ἔστι
806 2264 1005 2356 φρονήσεως
1025 2267 1066 2338 τὸ
1089 2275 1164 2340 τῶν
1184 2263 1372 2355 παρόντων
1393 2263 1557 2353 ἐξετάσαι·
1588 2267 1628 2338 σῦ
1649 2268 1693 2350 εί;

388 2362 549 2456 όλέγων·
580 2370 638 2438 ίδε
664 2361 684 2437 δ
712 2363 835 2455 άμνὸς
861 2372 933 2438 τοῦ
958 2372 1070 2451 θεοῦ,
1101 2362 1120 2438 ό
1147 2371 1273 2454 αἴρων
1297 2365 1372 2456 τὴν
1397 2361 1596 2454 άμαρτίαν
1621 2371 1693 2437 τοῦ

386 2465 550 2555 κόσμου,
567 2463 629 2538 οῦκ
644 2461 758 2556 ἠγνόει
773 2459 828 2537 ότι
842 2461 945 2548 αάτός
960 2469 1064 2537 ἐστιν·
1080 2462 1164 2551 ἄλλ’,
1180 2470 1252 2537 ἐπεὶ
1266 2461 1459 2554 πρόδρομος
1475 2468 1616 2555 ἐγίνετο,
1632 2470 1692 2554 (el)

336 2576 371 2632 20
387 2573 443 2639 καί
464 2570 503 2637 ἐν
527 2572 578 2656 τῷ
606 2560 670 2658 ᾅδῃ
695 2563 925 2638 ἐπυνθάνετο·
955 2559 1027 2654 ᾖδει
1053 2564 1116 2654 γάρ
1144 2571 1288 2653 λέγοντα
1314 2561 1433 2636 αὐτόν·
1464 2560 1603 2655 ῦπάγω
1628 2571 1694 2635 καὶ

387 2671 529 2755 πέμφω
555 2663 627 2737 τόν
653 2662 929 2754 παράκλητον,
960 2671 1118 2736 τουτέστι
1145 2663 1186 2736 τὸ
1212 2671 1344 2754 πνεῦμα
1365 2663 1407 2736 τὸ
1430 2658 1538 2754 άγιον.
1579 2663 1694 2747 άλλως

388 2770 425 2836 δὲ
452 2766 575 2838 καὶτὸ
603 2762 833 2854 ἀληθέστερον
857 2762 953 2854 μάθε.
995 2764 1110 2854 ἐπειδὴ
1137 2768 1170 2835 οί
1194 2771 1346 2853 μαθηταί
1373 2763 1479 2836 αῦτσῦ
1504 2755 1590 2852 ἦσαν
1616 2759 1694 2835 άνα-

388 2865 613 2954 γινώσκοντες
627 2871 688 2954 μέν
710 2863 769 2937 δῦο
784 2873 970 2953 παρουσίας
992 2870 1054 2936 τοῦ
1070 2870 1228 2953 Χριστοῦ,
1252 2861 1456 2953 άγνοοῦντες
1471 2869 1507 2934 δέ
1521 2856 1577 2934 ότι
1592 2858 1696 2945 αῦτάς

389 2969 482 3036 ἐστιν
509 2959 528 3035 ό
553 2970 690 3053 μέλλων
714 2969 836 3048 ἐξιέναι
859 2968 897 3034 ἐκ
922 2969 986 3036 τοῦ
1011 2960 1152 3052 κόσμου,
1184 2959 1203 3035 ό
1225 2959 1381 3053 Ἰωάννης
1406 2961 1694 3052 μεταπαραδιδοῦς

337 3072 440 3154 25τῷ
466 3059 612 3152 δεσπότῃ
639 3063 721 3146 τούς
746 3060 913 3153 μαθητάς·
943 3054 987 3151 ἦν
1013 3061 1077 3152 γάρ
1098 3067 1196 3151 θέμις
1217 3062 1299 3146 τοῦς
1319 3059 1386 3134 άπὸ
1407 3058 1567 3134 Ἰωάννου
1586 3073 1695 3150 μαθη-

407 4111 423 4166 fi
448 4111 462 4163 7
475 4024 620 4164 141?st
633 4026 678 4080 24:
691 4027 732 4094 27,
750 4026 795 4080 Lo.
809 4027 853 4081 17:
866 4027 907 4080 24.
920 4054 953 4067 -
967 4024 1064 4094 12118]
1084 4025 1132 4078 Mt.
1146 4027 1190 4079 11:
1203 4027 1228 4079 3.
1240 4055 1273 4064 —
1287 4023 1334 4092 18]
1354 4023 1414 4077 Joh.
1428 4025 1455 4077 1:
1468 4024 1510 4080 29.
1522 4055 1555 4064 -
1568 4024 1616 4095 2⁰]
1633 4025 1696 4080 Joh.

390 4112 404 4164 1
428 4129 434 4164 ε
463 4150 471 4178 ,
490 4112 534 4164 14:
582 4149 588 4162 .

476 4262 512 4319 11
533 4259 584 4317 τὸν
597 4257 630 4316 ἐκ
641 4260 743 4333 γενέσ]
760 4263 827 4317 Man
839 4265 967 4318 emanet
982 4259 1033 4317 τὸν
1047 4269 1098 4316 τοῦ
1109 4265 1181 4316 θεοῦ
1196 4265 1246 4328 τῆς
1257 4257 1440 4330 γενέσεως-
1451 4267 1504 4314 τοῦ
1516 4263 1696 4332 δημιουργοῦ,

389 4346 442 4402 wie
458 4348 537 4408 8140,
555 4347 638 4403 816b.
673 4346 776 4402 Sfflndo
800 4345 857 4401 δίει
878 4345 909 4400 in
929 4346 992 4402 dem
1008 4347 1106 4414 Τειίε,
1134 4346 1208 4400 daun
1229 4345 1311 4400 ίίεεεε
1332 4343 1390 4398 sich
1413 4345 1484 4399 auch
1502 4343 1553 4400 τόν
1570 4342 1697 4417 Χριστόν

390 4428 477 4487 αὐτοῦ
500 4433 550 4501 gut
573 4430 707 4487 erklnrem
742 4431 790 4485 Ich
811 4431 884 4486 habe
906 4431 984 4486 nieht
1002 4435 1123 4503 gewagt,
1150 4449 1180 4486 εο
1197 4430 1253 4485 viel
1277 4449 1311 4485 zu
1330 4429 1446 4497 andern,
1474 4428 1564 4483 zumal
1582 4428 1618 4482 da
1634 4427 1696 4482 Rus.

392 4515 535 4584 ’propheta
553 4515 634 4584 δασέσι
654 4518 704 4571 hat
719 4519 723 4584 Ι
740 4517 776 4573 Ῑί
795 4513 829 4572 τδ
847 4522 905 4571 τῶν
922 4533 989 4590 παρ.
1002 4515 1153 4582 ACDEFH,
1172 4525 1205 4575 <
1216 4513 1250 4571 τδ
1263 4515 1289 4569 d.
1301 4515 1360 4569 flbr.
1388 4515 1450 4569 Ruf.
1465 4513 1569 4567 »σίίσίσό
1584 4511 1697 4566 τίνυσθαι.

390 4600 446 4654 flat
467 4617 496 4654 er
512 4599 655 4657 vielleichb
676 4619 727 4657 τοο
749 4608 808 4658 τῶν
824 4619 892 4674 παρ.
910 4601 1061 4672 ῃεΙεεεαθΙ
1078 4601 1117 4657 19
1135 4598 1163 4657 εί
1178 4609 1211 4660 <
1229 4599 1255 4654 (L
1272 4600 1344 4657 HSS.
1379 4597 1530 4654 Vielleiehb
1546 4597 1607 4652 sind
1625 4597 1697 4651 nach

390 4677 443 4760 ξίθη
461 4683 558 4740 Worte
577 4685 747 4756 ausgafnllen
764 4687 820 4757 vgl.
838 4687 898 4741 Rus.
914 4688 919 4755 ί
935 4687 975 4742 20
992 4683 1042 4756 ἢδη
1061 4685 1202 4742 ΔΒΟΕίἪ
1219 4686 1276 4740 Pio.
