3716 5502
179 1233 383 1329 (incipiunt
399 1234 484 1308 libri
499 1233 713 1307 Adamantii
732 1231 898 1330 OrigenIs
917 1235 1094 1311 aduersus
1111 1237 1318 1314 haereticos
1336 1261 1490 1316 numero

270 1357 432 1452 quinque
456 1357 629 1432 translati
654 1380 677 1430 a
698 1355 833 1430 Rufino
857 1360 1075 1456 presbytero
1095 1365 1135 1436 ot
1156 1362 1259 1436 missi
1282 1363 1410 1439 Paulo,

393 1565 417 1632 1.
451 1564 628 1646 oupuutio
652 1561 793 1650 origenis
816 1581 888 1634 cum
909 1565 1062 1652 Megethio
1085 1567 1288 1658 dodonaeo).

267 1753 293 1798 c.
312 1731 344 1800 I.
382 1735 583 1796 Adonacotius
602 1737 690 1796 da'cit:
721 1731 908 1816 Quicunque
928 1739 1083 1800 amatores
1102 1740 1177 1801 sunt
1195 1737 1337 1804 ueritatis
1352 1745 1384 1804 et
1398 1741 1494 1806 hone·

182 1833 259 1898 suti
289 1853 413 1897 morum
445 1833 573 1896 student
599 1853 755 1916 omneque
781 1853 909 1911 cauum,
935 1855 997 1918 quo
1024 1834 1058 1898 in
1086 1835 1179 1900 huius
1200 1838 1311 1902 mundi
1331 1839 1402 1904 luca
1424 1861 1492 1904 ucr-

183 1941 305 2010 santur,
338 1931 558 1998 emendatioris
589 1931 674 1997 uitae
707 1933 832 1998 firmare
863 1933 995 2017 cupiunt
1024 1933 1189 2014 institutis,
1225 1957 1288 2002 non
1317 1937 1409 2003 aliter
1438 1960 1495 2022 po·

182 2037 290 2098 terunt
316 2053 398 2116 quse
424 2035 524 2116 probo
549 2038 580 2098 et
603 2033 743 2116 perfecta
764 2037 838 2096 sunt
863 2032 1018 2110 obtinere,
1039 2033 1099 2099 nisi
1127 2035 1217 2100 firma
1244 2041 1275 2101 et
1300 2039 1407 2104 stabili
1432 2037 1495 2104 fide

145 2135 215 2200 oin
246 2136 341 2198 deun
368 2153 491 2215 semper
517 2133 631 2197 intenti
657 2133 728 2210 siut,
759 2153 855 2216 seque
883 2133 922 2196 ab
950 2155 986 2197 eo
1013 2131 1227 2200 iudasinenter
1248 2159 1310 2202 non
1332 2137 1495 2222 ambigant

181 2233 306 2300 intueri
341 2229 370 2296 E
392 2231 548 2298 contrario
570 2255 645 2296 uero
667 2233 699 2295 hi
722 2231 776 2316 qui
798 2231 920 2296 lubrica
941 2232 1196 2318 inconstantique
1222 2235 1378 2300 sententia
1401 2237 1495 2302 iidem

183 2339 302 2400 rectam
333 2331 516 2398 curiositate
547 2331 657 2408 nimia,
686 2331 782 2397 immo
813 2332 920 2416 potius
946 2332 1103 2415 protunda
1124 2331 1259 2397 stultitia
1280 2343 1494 2420 corruperunt,

184 2433 410 2500 contumeliam
440 2431 540 2516 magis
568 2453 624 2514 per
650 2453 687 2494 ea
713 2453 794 2516 quaa
820 2431 1020 2515 profitentur,
1047 2453 1142 2516 quam
1173 2431 1293 2498 cultum
1319 2435 1494 2498 ueneratio·

184 2555 319 2619 nemque
346 2531 485 2598 offerunt
506 2533 572 2598 deo.
615 2529 707 2598 Unde
729 2529 808 2595 mihi
829 2535 953 2595 videtur
978 2553 1042 2597 non
1069 2553 1179 2615 parum
1206 2555 1274 2598 esse
1295 2533 1440 2618 periculi,
1468 2535 1495 2598 si

130 2645 165 2694 ’.υ
184 2635 262 2699 iides
288 2637 410 2709 nostra,
438 2653 518 2716 quaa
544 2636 583 2697 da
605 2635 664 2696 deo
687 2636 746 2710 est,
774 2631 895 2716 aliquid
916 2631 1029 2696 erroris
1052 2631 1198 2698 incurrat.
1241 2631 1493 2698 Fundamentum

183 2755 320 2818 numque
351 2737 384 2798 et
415 2731 541 2815 crepido
571 2731 668 2798 totius
698 2731 825 2816 piatatis
856 2736 904 2796 est
929 2733 968 2796 de
990 2731 1155 2796 diuinitate
1178 2733 1279 2816 prius,
1305 2737 1341 2796 ut
1362 2733 1494 2816 dignum

183 2841 240 2906 esi,
269 2833 386 2898 sentire
416 2831 468 2897 uel
499 2834 631 2896 credere.
673 2829 716 2896 Et
741 2831 812 2896 ideo
838 2831 866 2896 si
891 2831 950 2896 tibi
975 2831 1112 2908 uidetur,
1145 2852 1165 2894 o
1191 2829 1322 2916 Mogeti,
1353 2831 1409 2896 fist
1430 2853 1493 2897 ser·

182 2935 287 3000 monis
308 2933 481 2998 exordium.
1525 2925 1528 2932 ’

266 3037 430 3114 ueyeusus
451 3036 539 3096 daie:
576 3029 786 3096 Praeuenians
816 3030 912 3094 irater
942 3030 1150 3096 Adamantius
1187 3031 1373 3096 sententiam
1403 3052 1492 3096 meae

129 3137 164 3190 15
181 3133 296 3198 mentis
328 3131 482 3216 exposuit
523 3129 672 3196 Fatamur
701 3152 838 3214 namque
868 3133 899 3194 at
925 3151 983 3195 nos
1009 3129 1085 3215 quia
1105 3128 1184 3196 fides
1211 3135 1242 3195 et
1266 3135 1353 3194 recta
1374 3133 1412 3196 do
1434 3133 1493 3196 deo

181 3232 339 3296 sententia
373 3233 514 3315 praestat
548 3229 692 3295 omnibus
726 3230 830 3306 bonis,
865 3230 893 3294 si
928 3231 1007 3314 quid
1036 3230 1123 3295 aliod
1154 3228 1229 3295 boni
1260 3233 1307 3294 est
1337 3229 1369 3296 in
1399 3229 1494 3296 robus

181 3331 337 3397 humanis
372 3329 415 3394 Et
436 3328 508 3394 ideo
530 3329 590 3394 hoc
611 3329 688 3394 utile
711 3335 766 3408 est,
787 3333 824 3394 ut
844 3331 967 3396 medius
989 3329 1070 3394 inter
1091 3352 1149 3396 nos
1171 3328 1264 3394 iudex
1286 3332 1393 3394 sedeat
1411 3329 1493 3406 telis,

181 3432 238 3518 qui
260 3429 394 3515 probare
415 3429 517 3512 possit
542 3430 612 3513 quis
638 3433 782 3495 nostrum
807 3435 926 3496 rectam
948 3435 979 3494 et
999 3451 1107 3494 ueram
1129 3429 1224 3493 fidem
1246 3434 1391 3512 exponat.
1428 3429 1492 3510 (Ad

180 3533 269 3617 quod
291 3531 495 3614 peridoneum
516 3534 594 3613 puto
616 3531 803 3612 prudentem
819 3531 902 3595 hunc
921 3535 952 3594 et
966 3529 1123 3594 eruditum
1137 3529 1249 3606 uirum,
1263 3527 1493 3611 Eutropium*)

128 3647 164 3692 ·.··
180 3631 253 3716 Ego
284 3630 369 3695 enim
404 3631 567 3694 ostendam
602 3629 677 3712 quia
706 3651 765 3694 uos
794 3629 1020 3712 blasphematis
1049 3628 1151 3713 magis
1184 3649 1280 3712 quam
1307 3628 1434 3694 creditis
1459 3629 1492 3692 in

180 3735 285 3808 deum,
308 3752 381 3796 cum
403 3750 515 3794 uerum
537 3730 638 3803 deum,
660 3730 716 3814 qui
737 3728 823 3794 aolus
844 3731 1022 3806 bonusest
1044 3749 1108 3792 non
1122 3727 1220 3792 uultis
1234 3745 1415 3812 agnoscere,
1438 3731 1492 3792 sed

180 3831 280 3896 alium
307 3831 465 3914 quendam
492 3851 550 3911 pro
570 3830 654 3894 bono
676 3830 735 3894 deo
758 3827 1030 3906 subintroductis,
1057 3849 1127 3892 cum
1149 3827 1217 3912 ipse
1239 3828 1384 3893 dominus
1406 3827 1492 3893 Iasus

180 3929 327 3996 Christm
349 3929 447 3994 dicat:
479 3933 574 3993 Nemo
596 3933 701 4006 bonos,
723 3933 788 3991 uisi
806 3951 891 3992 unus
912 3933 984 3992 deus
1001 3937 1093 4009 puter.

267 4033 433 4110 Ειιὶνορήιε
454 4033 542 4094 deaii:
570 4028 675 4092 Ambo
698 4047 774 4110 ergo
797 4050 847 4092 me
868 4027 1004 4092 iudicem
1027 4026 1170 4110 elegitisi

127 4133 162 4187 25
268 4133 322 4192 Ad.
343 4133 383 4194 d:
412 4129 525 4194 Ambo.

269 4233 356 4292 Eorta
378 4233 417 4294 d.:
445 4225 620 4294 Saruabitis
643 4246 719 4312 ergo
741 4225 928 4291 sententiam
952 4229 1073 4290 meam?

269 4443 288 4500 0
313 4443 442 4500 viamen«
467 4443 504 4498 ist
524 4445 597 4510 hIer,
623 4443 677 4498 wia
699 4443 788 4498 dmm.
806 4443 890 4496 Marc.
908 4441 998 4495 XXIII
1015 4443 1043 4506 5,
1062 4443 1107 4501 13.
1134 4437 1283 4510 passivisch
1305 4439 1464 4510 gebraucht
1486 4441 1490 4508 I

184 4529 224 4586 10
242 4527 319 4584 Cod:
337 4529 361 4584 ai
379 4527 445 4599 quid
464 4527 533 4584 illud
544 4528 611 4584 boni
630 4526 712 4583 estin
728 4528 808 4582 rebus
825 4526 959 4580 humanis.
990 4524 1110 4596 (Caspsri
1129 4523 1242 4578 dndcrte
1256 4523 1321 4577 boui
1339 4524 1367 4578 in
1378 4523 1490 4580 bonum.

183 4615 339 4684 saecuto.
358 4643 390 4654 -
408 4613 440 4682 B)
455 4615 460 4682 Ι
476 4613 516 4670 24
535 4611 653 4684 elegitia]
673 4612 708 4669 So
726 4611 775 4666 der
793 4610 857 4666 Cod.
877 4616 883 4665 I
888 4611 999 4680 Caspari
1015 4607 1129 4664 tnderta
1147 4625 1175 4662 es
1192 4607 1221 4661 in
1241 4607 1384 4748 {e‘ligItirc
1403 4640 1435 4648 -
1448 4611 1491 4678 B).
