3744 5524
385 521 424 582 52
925 515 1113 571 Adamantius.
1296 516 1337 571 De
1353 517 1383 571 1ο
1400 516 1458 572 Rue
1474 517 1487 570 1
1505 517 1695 576 819e-820b.

386 681 571 758 τευθέντας
597 682 649 765 τῷ
673 681 811 766 Χριστῷ
837 683 1174 767 μεταπαραθοθῆναι·
1205 672 1224 748 6
1252 671 1315 750 οῦν
1336 673 1491 768 Ἰωάννης
1517 675 1694 752 ἀπέστειλε

352 805 366 844 e
385 775 465 858 τοῦς
481 774 638 865 μαθητάς
653 769 750 860 ὅπως
771 772 929 864 μάθωσιν
945 771 1000 848 ὅτι
1020 777 1147 861 ἐκεῖνός
1169 780 1249 862 ἔστι,
1272 776 1392 870 μήπως
1406 776 1490 867 μετὰ
1506 776 1570 869 τὴν
1584 775 1693 850 αὐτοῦ

384 873 546 964 τελευτὴν
560 881 745 961 σφαλῶσιν.
782 873 949 948 ἀπέλθετε
963 870 1026 948 οῦν
1040 873 1140 965 ῦμείς,
1163 874 1386 966 ἀκροάσασθε,
1409 885 1522 968 φησίν,
1544 881 1573 950 εί
1587 875 1692 962 αῦτάς

383 979 487 1045 ἐστιν·
517 969 621 1062 ὁρᾶτε
648 981 764 1047 δὲκαὶ
791 974 856 1065 τὴν
881 982 1033 1063 Χριστοῦ
1059 973 1248 1065 ἀπόκρισιν.
1289 979 1584 1067 μεταπαραλαβοῦν
1610 977 1693 1062 τοῦς

348 1072 538 1162 δμαθητάς
563 1081 620 1144 καὶ
639 1071 843 1164 βουλόμενος
872 1081 988 1162 δείξαι,
1020 1075 1062 1146 τὰ
1085 1079 1164 1166 ἔργα
1185 1083 1372 1165 προέβαλεν
1393 1078 1514 1150 είποάν·
1544 1087 1692 1165 τυφλοὶ

381 1169 873 1261 ἀναβλέπουσικαὶκωφοὶ
893 1171 1087 1248 ἀκούουσι
1107 1182 1174 1247 καὶ
1194 1184 1321 1265 χωλοὶ
1335 1184 1604 1264 περιπατοῦσι
1625 1181 1692 1248 καὶ

381 1279 514 1362 νεκροὶ
541 1277 782 1363 ἐγείρονται,
811 1282 877 1345 καὶ
897 1273 1092 1364 μακάριος
1115 1270 1157 1358 ῦς
1179 1275 1247 1347 ἐὰν
1267 1274 1317 1364 μὴ
1345 1283 1621 1365 σκανδαλισθῇ
1649 1281 1693 1348 ἔν

381 1377 475 1459 έμοί.
518 1369 642 1456 αῦτοῦς
669 1364 730 1444 οὖν
760 1377 1053 1463 μεταπαραλαβων
1081 1380 1257 1447 ἐνουθέτει
1289 1373 1344 1445 διὰ
1375 1383 1448 1446 τῶν
1479 1379 1604 1465 ἔργων,
1635 1379 1692 1446 ἵνα

379 1479 568 1544 πεισθῶσιν
590 1466 645 1543 ῦτι
667 1469 771 1555 αῦτάς
793 1476 863 1544 ἔστι
884 1470 904 1562 ἡ
927 1470 1073 1564 ἀλήθεια
1095 1480 1194 1546 πᾶσα.

307 1860 358 1916 820
463 1864 565 1928 MEF.
612 1850 730 1938 Οῦτως
758 1852 931 1944 ἀλλότριοι
957 1848 1039 1945 ἦμεν
1069 1863 1132 1929 τοῦ
1160 1861 1329 1944 φανέντος
1356 1861 1361 1944 Ι
1391 1863 1554 1944 Χριστοῦ,
1584 1865 1639 1930 καὶ
1665 1855 1686 1930 6

380 1963 497 2044 φανεὶς
512 1953 659 2045 Χριστὸς
680 1962 743 2027 τοῦ
761 1954 968 2046 ποιήσαντος
990 1963 1085 2039 θεοῦ,
1107 1955 1229 2046 <ἀῖστε>
1251 1963 1386 2040 Παῦλος
1407 1963 1495 2046 λέγει
1516 1951 1570 2030 ὅτι
1589 1964 1683 2046 Χρι-

379 2056 472 2138 στὸς
493 2052 592 2145 ἡμᾶς
613 2051 833 2144 ἔξηγόραοε.
869 2061 975 2145 δῆλον
990 2047 1051 2127 οῦν
1067 2049 1122 2128 ὅτι
1142 2053 1356 2142 ἀλλοτρίους·
1378 2060 1484 2140 ἰδίους
1498 2057 1561 2146 γὰρ
1576 2054 1683 2142 οῦδείς

378 2185 463 2230 ποτε
485 2153 652 2244 ἀγοράζεν
675 2153 829 2244 ἀγοράζει
850 2155 913 2245 γάρ
936 2151 1140 2244 ἀλλοτρίους
1163 2153 1225 2228 οῦκ
1248 2161 1361 2238 ίδίους.

460 2263 526 2326 ΑΔ.
562 2252 659 2326 Πάνυ
682 2251 1021 2344 ἀπαρακολουθήτως
1042 2260 1194 2344 φέρεσθε.
1237 2248 1340 2327 ῦοῦν
1362 2251 1550 2346 ῦπενάησας
1570 2263 1599 2328 εί
1621 2265 1681 2330 θεί-

328 2365 360 2418 15
377 2368 480 2443 ξειας,
507 2349 544 2428 εῦ
570 2354 613 2426 ἂν
639 2356 719 2443 ἔχοι·
750 2357 778 2424 εί
804 2358 840 2424 δὲ
862 2349 965 2440 λόγον
986 2353 1140 2443 θηρεύεις
1164 2353 1209 2443 μὴ
1231 2350 1468 2441 έπιλυόμενον,
1499 2355 1559 2446 οῦχ
1581 2353 1680 2440 ὁσίως

378 2473 525 2546 φρονεῖς.
570 2453 634 2526 τὸν
659 2451 845 2543 πριάμενον
870 2457 953 2544 ἔφης
980 2456 1065 2526 εἶναι
1092 2454 1155 2526 τὸν
1182 2449 1345 2542 Χριστόν·
1376 2449 1395 2526 6
1420 2454 1605 2542 πεπρακώς
1630 2460 1682 2535 τίς

377 2561 484 2640 ἔστιν;
506 2551 568 2626 οῦκ
586 2547 694 2643 ἦλθεν
709 2557 754 2637 είς
769 2561 804 2624 σέ
827 2548 846 2624 6
861 2549 990 2636 άπλοῦς
1003 2561 1112 2642 μῦθος
1135 2548 1190 2625 ὅτι
1211 2549 1231 2624 6
1252 2561 1385 2626 πωλῶν
1399 2559 1453 2624 καὶ
1468 2548 1488 2624 6
1503 2549 1682 2641 ἀγοράζων

378 2651 517 2742 ἀδελφοί
535 2660 632 2738 είσιν;
653 2657 681 2723 εί
694 2653 798 2735 κακὸς
820 2645 872 2722 ὢν
894 2649 912 2724 6
936 2651 1094 2738 διάβολος
1108 2660 1159 2742 τῷ
1179 2650 1300 2744 ἀγαθῷ
1323 2659 1503 2741 πέπρακεν,
1526 2649 1589 2724 οῦκ
1611 2655 1680 2722 ἔστι

339 2751 491 2838 οκακός,
522 2749 595 2825 ἀλλ’
618 2749 759 2841 ἀγαθός·
791 2748 811 2823 6
838 2753 901 2841 γὰρ
927 2748 984 2824 ἀπ’
1007 2749 1109 2842 ἀρχῆς
1134 2750 1312 2842 φθονήσας
1340 2762 1391 2844 τῷ
1417 2750 1594 2842 ἀνθρώπῳ
1618 2757 1680 2821 νῦν

326 2864 360 2918 20
377 2850 490 2926 οῦκέτι
515 2850 582 2925 ῦπὸ
610 2849 746 2940 φθόνου
768 2851 896 2940 ἄγεται,
928 2860 979 2942 τῷ
1002 2848 1122 2942 ἀγαθῷ
1150 2851 1215 2942 τὴν
1236 2852 1345 2942 νομὴν
1366 2852 1544 2940 παραδούς.
1588 2853 1680 2922 ἔσται

377 2945 439 3024 οῦν
464 2959 600 3037 δίκαιος,
632 2947 673 3038 [6]
701 2959 764 3024 τοῦ
790 2947 927 3038 φθόνου
951 2959 1007 3021 καὶ
1033 2950 1163 3035 παντὸς
1188 2958 1294 3023 κακοῦ
1317 2950 1537 3041 παυσάμενος.
1578 2947 1680 3033 αῦτῦς

460 3391 542 3460 5-8]
561 3391 611 3446 Mt.
624 3393 668 3445 11:
681 3393 705 3446 5.
724 3420 756 3428 -
776 3389 825 3459 12]
846 3389 906 3444 Gal.
919 3391 947 3444 3:
961 3391 1000 3444 13.

459 3577 477 3632 ῦ
495 3577 527 3630 In
539 3575 592 3630 den
605 3579 708 3646 Ausgg.
721 3576 795 3630 steht
807 3575 850 3628 ein
864 3575 982 3630 Komma
998 3575 1071 3629 nach
1082 3572 1116 3630 τὰ
1136 3569 1214 3644 ἔργα.
1244 3574 1398 3645 Unriehfig,
1418 3575 1489 3630 denn
1501 3573 1537 3631 τὰ
1555 3569 1625 3646 ἔργα
1642 3575 1680 3629 ist

374 3660 476 3730 Objekt
487 3679 512 3714 v.
525 3657 674 3731 προέβαλε.
704 3660 758 3714 Der
770 3659 836 3713 Sinn
847 3659 895 3714 ist:
916 3659 967 3712 »da
979 3677 1008 3713 er
1020 3658 1064 3713 die
1077 3659 1189 3713 Sohiiler
1199 3658 1330 3714 belehren
1341 3661 1444 3728 wollte,
1463 3660 1533 3714 hielt
1550 3675 1579 3713 er
1594 3658 1679 3714 ihnen

374 3745 447 3800 seine
457 3744 559 3798 Werke
570 3762 644 3799 vor«.
668 3745 743 3800 Statu
754 3747 841 3810 δεῖξαι
852 3747 1004 3799 vermutete
1016 3745 1065 3798 Th.
1076 3743 1145 3798 Gale
1158 3743 1213 3811 (bei
1222 3743 1345 3814 Wettsh)
1362 3744 1511 3812 »θιθάξαιις
1524 3744 1568 3798 ioh
1580 3743 1678 3808 meino,

374 3829 436 3883 dass
448 3831 535 3894 δεῖξαι
548 3828 606 3882 sich
618 3829 743 3883 erklaren
757 3829 832 3894 Ιίωεί,
845 3829 882 3883 da
893 3829 943 3882 wir
955 3846 1003 3884 aus
1016 3830 1076 3883 dem
1090 3829 1270 3884 unmitbelbar
1281 3828 1523 3900 vorangehenden:
1537 3823 1581 3882 ὅτι
1593 3825 1679 3891 αῦτός

374 3910 432 3968 ἐστι
449 3918 585 3982 ergfinzon
603 3915 713 3968 konnen
729 3914 764 3982 18
782 3912 893 3983 αίτοέςΙ
912 3911 997 3979 αίτὸς
1014 3913 1124 3968 (mss.
1147 3931 1204 3966 »eos
1221 3915 1375 3982 accipiam«
1394 3913 1499 3968 Humfr.
1515 3915 1520 3980 Ι
1537 3914 1573 3968 11
1592 3905 1677 3980 ὥστε]

373 3993 413 4064 ὼς
425 3998 463 4052 {1²
479 4007 512 4057 <
529 3998 635 4063 d.i1br.‚
656 4003 700 4050 »ιιι
711 3997 744 4052 P.
757 3997 839 4050 dicit«
854 3999 918 4064 Pie„
940 3999 996 4051 »σία
1014 4038 1080 4052 ....
1097 4003 1128 4050 ut
1139 3997 1172 4050 P.
1184 3998 1271 4051 dicat«
1286 3999 1355 4066 Pon,
1375 4000 1421 4051 »ιίι
1433 4003 1541 4051 tantum
1554 4039 1560 4052 .
1573 4037 1580 4052 .
1592 4037 1599 4050 .
1612 4037 1618 4048 .
1630 4001 1676 4048 ut«

372 4084 433 4138 Ruf.
450 4085 453 4148 Ι
470 4077 512 4138 ὅτι
527 4077 543 4137 6
559 4084 612 4154 Χρ.
627 4081 647 4135 C
663 4083 667 4150 Ι
684 4082 720 4136 16
733 4080 891 4152 πριάμενον
904 4082 1054 4146 ABCDFG,
1074 4078 1238 4152 πριὼμενον
1253 4083 1278 4136 d.
1292 4085 1352 4138 flbr.
1367 4084 1371 4152 Ι
1386 4084 1413 4138 τί
1425 4079 1499 4138 ἐστιν
1513 4081 1534 4136 F
1548 4083 1553 4151 Ι
1570 4079 1607 4137 19
1622 4078 1677 4151 γὰρ

373 4167 398 4222 d.
411 4168 490 4234 HSS„
508 4169 557 4224 καί
575 4168 601 4224 d.
613 4167 632 4220 1.
645 4167 675 4223 R.
691 4168 695 4234 Ι
711 4167 749 4222 21
770 4163 786 4222 6
804 4167 876 4221 habe
893 4167 939 4221 ich
951 4167 1118 4237 gastrichem
1137 4185 1165 4221 es
1178 4168 1252 4221 steht
1269 4167 1336 4222 aber
1352 4168 1382 4222 in
1394 4167 1468 4222 allen
1479 4167 1550 4222 Hss.
1566 4167 1571 4233 Ι
1587 4165 1677 4236 φόνον

372 4255 396 4306 Α
412 4255 415 4319 Ι
433 4254 501 4311 211.
520 4251 605 4318 αἰτίις
617 4260 686 4322 γοῦν
699 4283 731 4290 -
745 4253 884 4321 πωλήσας]
904 4252 950 4306 Ich
963 4251 1066 4306 zweifle
1079 4268 1115 4304 an
1128 4251 1175 4304 der
1187 4251 1357 4321 Richtigkeit
1369 4251 1457 4306 dieser
1469 4251 1572 4306 Worto.
1606 4250 1678 4304 Zwei

372 4338 451 4392 Fullo
469 4337 530 4391 sind
547 4337 681 4406 mbglich:
704 4338 766 4391 dass
784 4337 833 4390 der
850 4335 982 4408 θιάρλολος
999 4336 1046 4390 die
1064 4336 1169 4391 Siinder
1187 4354 1223 4390 an
1241 4335 1302 4390 chr.
1320 4336 1449 4391 verkaust
1465 4336 1522 4398 hat,
1539 4335 1597 4389 und
1614 4334 1677 4388 dass

373 4421 421 4477 der
439 4421 609 4492 δημιουργὸς
631 4424 680 4477 das
705 4423 809 4492 gethan
831 4421 888 4476 hab.
924 4421 958 4476 So
977 4421 1052 4475 lesen
1070 4420 1120 4476 wir
1138 4421 1209 4474 auch
1226 4420 1271 4476 bei
1289 4421 1349 4476 Rus.
1385 4421 1453 4476 nass
1471 4418 1556 4485 αὐτὸς
1574 4415 1590 4473 6
1607 4417 1677 4484 θεὸς

373 4507 412 4560 sie
430 4507 558 4561 verkaust
575 4508 632 4573 hat,
650 4508 687 4562 ish
698 4527 734 4562 m.
747 4506 779 4561 E.
792 4505 837 4561 ein
855 4506 1048 4560 undenkbarer
1059 4505 1127 4569 Fan,
1145 4505 1203 4560 und
1215 4523 1244 4562 οε
1255 4505 1364 4560 1οιυιυ1
1380 4505 1432 4559 mir
1449 4522 1505 4568 vor,
1524 4505 1586 4558 dass
1603 4503 1677 4558 dieue

373 4591 470 4645 Worte
488 4590 533 4646 die
544 4581 689 4646 Eberreste
708 4591 770 4644 sind
788 4589 861 4644 eines
877 4589 1037 4644 verlorenen
1050 4590 1152 4654 Satzes,
1171 4590 1219 4645 der
1237 4593 1309 4644 ελσε
1326 4590 1377 4644 wie
1395 4589 1439 4644 die
1456 4589 1504 4643 lat„
1518 4576 1612 4643 Ubera.
1630 4603 1675 4658 ge·

371 4676 461 4729 lautet
479 4675 536 4729 hat.
