3744 5524
366 484 406 544 '16
922 477 1111 532 Adamantius
1257 476 1297 531 De
1314 476 1345 531 la
1360 477 1418 532 Rue
1435 477 1461 530 11
1478 476 1668 534 82611-821b.

366 637 407 710 τό
434 647 544 729 λέγειν
571 638 766 730 ἐπιβουλήν·
797 643 825 709 εί
852 645 888 710 δέ
914 634 933 710 δ
959 639 1159 729 δημιουργός
1189 636 1377 730 ήνάγκασεν
1409 636 1530 724 αὐτόν,
1563 637 1668 724 αὐτὸς

366 744 475 822 α’ίτιος
497 745 558 830 τῆς
579 747 749 829 σωτηρίας
771 747 845 810 τῶν
865 735 1065 822 ἀνθρώπων
1085 747 1141 812 καί
1162 739 1223 828 οὐχ
1245 735 1297 828 <ό>
1320 735 1458 829 ἀγαθός.

448 847 523 910 MK.
566 834 673 922 Ἡμεῖς
694 835 762 910 ἀπό
784 846 858 910 τῶν
879 845 1023 928 γραφῶν
1045 837 1241 929 δεικνύομεν
1263 833 1318 911 ότι
1340 834 1359 911 ό
1381 840 1498 912 ἐλθῶν
1520 839 1667 927 Χριστὸς

365 935 428 1010 οὐκ
449 940 520 1010 ἔστι
541 945 605 1010 τοῦ
626 945 840 1029 δημιουργοῦ,
867 936 955 1013 ἀλλὰ
977 947 1041 1012 τοῦ
1063 937 1205 1029 ἀγαθοῦ,
1227 945 1283 1010 καί
1305 938 1366 1027 γὰρ
1390 937 1453 1010 τόν
1475 936 1582 1027 νόμον
1604 946 1668 1010 τοῦ

331 1056 347 1108 δ
365 1044 568 1128 δημιουργοῦ
588 1044 779 1110 κατέλυσεν.

448 1144 514 1208 ΛΛ.
555 1134 636 1210 ’Aah
657 1145 770 1209 ποίων
792 1147 935 1228 γραφῶν
958 1144 1061 1226 δεῖξαι
1083 1143 1191 1210 ταῦτα
1213 1141 1417 1226 ἐπαγγέλλη,·

447 1245 522 1308 MK.
564 1233 644 1309 ’Λπό
666 1243 730 1308 τοῦ
751 1234 944 1328 εὐαγγελίου
964 1246 1021 1310 καλ
1043 1243 1106 1309 τού
1126 1235 1333 1318 ἀποστόλου,
1357 1255 1431 1320 ταῖς
1453 1236 1515 1327 γὰρ
1536 1233 1667 1308 ’lavdat-

363 1355 438 1420 καις
460 1355 593 1425 φωναῖς
614 1335 657 1409 οὐ
676 1346 846 1426 πείθομαι,
868 1346 925 1410 καὶ
948 1338 1010 1427 γὰρ
1032 1337 1139 1408 ἄλλου
1160 1343 1221 1408 εἰσί
1243 1343 1336 1408 θεοῦ.

331 1476 346 1513 0
447 1443 513 1506 ΛΔ.
553 1433 630 1508 Ἐὰν
660 1429 723 1508 οὐν
752 1443 850 1524 δείξω
880 1433 949 1510 ἀπό
978 1443 1043 1510 τοῦ
1068 1434 1263 1526 εὐαγγελίου
1289 1443 1345 1508 καί
1372 1443 1435 1508 τοῦ
1460 1433 1667 1515 ἀποστόλου,

315 1555 347 1609 10
363 1535 455 1623 παύῃ
476 1543 705 1624 βλασφημῶν,·

447 1642 523 1706 ΜΚ.
568 1632 616 1705 Οὐ
637 1633 699 1723 γάρ
720 1631 884 1708 ύπακούω
907 1628 987 1707 ούτε
1008 1633 1102 1726 νόμῳ
1125 1627 1205 1708 οὐτε
1228 1631 1430 1724 προφήταις.

447 1741 513 1805 ΛΛ.
555 1729 655 1806 ’Λλλὰ
679 1740 729 1823 τῷ
752 1730 934 1824 εὐαγγελίῳ
955 1731 977 1824 ἢ
999 1732 1056 1820 ού,·

446 1842 521 1904 MK
564 1840 739 1923 Πείθομαι.

447 1940 513 2003 ΛΛ.
554 1931 790 2022 ’Λναγινῶσκω
818 1939 873 2004 καί
900 1938 1051 2023 δείκνυμι
1077 1928 1133 2005 ότι
1159 1929 1178 2005 ό
1203 1934 1249 2024 μὴ
1278 1932 1455 2022 δεχόμενος
1480 1930 1589 2022 νόμον
1610 1941 1666 2006 καὶ

314 2050 346 2102 15
361 2030 544 2122 προφήτας
571 2029 650 2104 οὐδὲ
678 2031 719 2104 τό
747 2031 941 2121 εὐαγγέλιον
968 2037 1107 2121 δέχεται.
1150 2040 1237 2122 λέγει
1265 2039 1300 2104 δὲ
1328 2027 1440 2116 οὕτως
1461 2028 1480 2104 ό
1504 2031 1665 2119 Χριστός·

291 2141 342 2196 827
364 2130 583 2220 ἄνθρωπός
606 2161 666 2215 τις
688 2125 734 2222 ήν
756 2129 950 2215 πλούσιος
968 2139 973 2220 Ι
991 2139 1057 2204 καί
1076 2131 1352 2205 ἐνεδιδύσκετο
1374 2130 1587 2222 πορφύραν
1602 2140 1666 2204 καλ

363 2230 523 2315 βύσσον,
555 2229 874 2320 εὐφραινόμενος
903 2227 992 2302 καθ’
1023 2228 1170 2321 ἡμέραν
1197 2239 1396 2323 λαμπρῶς.
1437 2233 1599 2320 πτωχός
1625 2239 1669 2304 δέ

363 2360 425 2414 τις
450 2326 620 2420 ὀνόματι
642 2329 824 2420 Λάζαρος
850 2335 1043 2419 ἐβέβλητο
1070 2337 1124 2414 είς
1152 2333 1224 2405 τόν
1244 2339 1410 2403 πυλῶνα
1433 2326 1666 2421 ήλκωμένος

362 2439 427 2502 καί
456 2434 665 2519 ἐπιθυμῶν
693 2436 970 2520 χορτασθῆναι
999 2427 1076 2501 ἀπὸ
1106 2438 1190 2502 τῶν
1220 2430 1462 2504 πιπτόντων
1492 2429 1568 2502 ἀπὸ
1597 2437 1665 2522 τῆς

223 2611 225 2614 ,
312 2549 346 2602 20
362 2537 559 2620 τραπέζης
580 2538 652 2602 τού
673 2538 881 2602 πλουσίου·
904 2527 1081 2602 ἀλλὰκαὶ
1097 2535 1133 2602 οί
1154 2529 1269 2614 κύνες
1284 2530 1494 2620 ἐρχόμενοι
1509 2534 1664 2620 έλειχον

364 2630 411 2702 τὰ
447 2629 654 2720 τραύματα
689 2626 821 2702 αὐτοῦ.
864 2633 1023 2719 ἐγένετο
1057 2634 1097 2702 δὲ
1132 2626 1359 2703 ἀποθανεῖν
1395 2629 1469 2702 τὸν
1500 2635 1664 2718 πτωχόν

362 2737 426 2802 καλ
454 2726 729 2820 ἀπενεχθῆναι
758 2726 884 2801 αὐτόν
913 2725 975 2800 ὐπ’
1006 2725 1272 2818 ἀγγέλων,είς
1305 2729 1377 2803 τόν
1406 2729 1563 2803 κόλπον
1594 2737 1666 2802 τοῦ

362 2826 533 2919 Ἀβραάμ.
576 2827 756 2901 ἀπέθανε
787 2836 825 2901 δὲ
855 2837 920 2900 καί
947 2824 966 2900 ό
992 2826 1187 2914 πλούσιος
1207 2838 1272 2903 καλ
1293 2827 1421 2919 ἐτάφη
1443 2834 1484 2901 ἐν
1507 2835 1561 2916 τῶ
1584 2823 1665 2921 ήδη.

361 2927 511 3016 ἐπάρας
533 2921 604 3004 ούν
626 2930 720 3013 τούς
747 2925 985 3017 ὀφθαλμούς
1006 2926 1144 3014 αὐτοῦ,
1174 2928 1364 3019 ύπάρχων
1390 2934 1432 3001 ἐν
1458 2926 1662 3013 βασάνοις,

310 3043 343 3095 25
361 3023 433 3120 δρᾷ
447 3025 613 3118 ’Λβραάμ
634 3025 712 3100 ἀπὸ
733 3025 1018 3119 μακρόθενκαί
1034 3026 1218 3118 Λάζαρον
1233 3035 1274 3101 ἐν
1291 3037 1346 3120 τῷ
1367 3025 1506 3116 κόλπῳ
1527 3025 1665 3105 αὐτοῦ.

358 3137 424 3199 καὶ
454 3126 575 3211 αὐτὸς
606 3125 795 3218 φωνήσας
825 3131 923 3200 εἶπε·
959 3125 1085 3216 πάτερ
1115 3125 1293 3217 Ἀβραάμ,
1330 3125 1497 3218 ἐλέησόν
1526 3157 1569 3217 με
1601 3138 1665 3199 καὶ

319 3233 518 3317 υπέμψον
545 3225 728 3315 Λάζαρον
755 3231 819 3299 ίνα
844 3226 949 3317 βάψη
976 3227 1021 3301 τό
1048 3226 1172 3316 ἀκρον
1200 3235 1272 3300 τοῦ
1296 3226 1498 3300 δακτύλου
1518 3221 1665 3310 ύδατος

358 3335 423 3397 καί
446 3327 654 3417 καταψύξῃ
679 3328 752 3419 τήν
774 3325 961 3417 γλῶσσάν
983 3357 1071 3415 μου,
1094 3322 1160 3400 ότι
1182 3324 1389 3418 ὀδυνῶμαι
1410 3332 1453 3399 ἐν
1474 3335 1521 3416 τῇ
1544 3335 1664 3416 φλογὶ

358 3425 493 3514 ταύτῃ.
535 3425 700 3516 ’Λβραόιμ
723 3433 763 3498 δέ
785 3430 881 3498 εἶπε·
909 3434 1068 3510 τέκνον,
1090 3426 1295 3517 μνήσθητι
1317 3421 1381 3500 ότι
1402 3423 1600 3509 ἀπέλαβες
1621 3425 1667 3497 σύ

305 3543 339 3595 30
358 3525 406 3598 τὰ
428 3525 560 3616 ἀγαθά
580 3533 623 3599 ἐν
645 3535 692 3617 τῇ
715 3535 798 3618 ζωῇ
819 3551 892 3598 σου
911 3534 975 3597 καὶ
997 3524 1180 3616 Λάζαρος
1202 3523 1354 3617 δμοίως
1377 3526 1425 3598 τὰ
1447 3522 1562 3597 κακά·
1595 3531 1664 3596 νῦν

333 3661 335 3667 ’
357 3633 398 3698 δέ
420 3619 486 3698 όδε
506 3638 813 3716 παρακαλεῖται,
837 3627 882 3699 σύ
903 3634 943 3699 δέ
965 3620 1166 3698 ὀδυνᾶσαι
1208 3634 1273 3697 καὶ
1296 3631 1360 3697 ἐπὶ
1382 3632 1477 3698 πᾶσι
1498 3623 1664 3707 τούτοις

354 3726 504 3814 μεταξύ
533 3723 644 3816 ύμῶν
673 3735 740 3797 καὶ
770 3723 881 3817 ήμῶν
909 3723 1036 3815 χάσμα
1069 3733 1167 3816 μέγα
1196 3724 1446 3815 ἐστήρικται,
1484 3718 1595 3807 όπως
1627 3728 1664 3795 οί

355 3827 535 3897 ἐνταῦθα
563 3833 750 3918 διαβῆναι
775 3826 874 3916 πρὸς
899 3825 998 3916 ύμᾶς
1023 3826 1073 3916 μή
1095 3825 1299 3898 δύνωνται
1326 3832 1423 3915 μηδὲ
1444 3829 1481 3896 οί
1502 3829 1664 3896 ἐκεῖθεν

356 3915 433 3993 ῶδε
455 3931 711 4014 διαπερῶσιν.
753 3931 891 4014 ἐρωτῶ
915 3919 986 3998 σύν
1008 3949 1061 4008 σε,
1092 3923 1232 4014 πάτερ,
1263 3929 1326 3996 ίνα
1352 3931 1508 4013 πέμψῃς
1537 3922 1662 3996 αὐτόν

304 4037 337 4088 35
356 4028 411 4106 εἰς
426 4023 500 4114 τήν
516 4031 650 4097 οἰκίαν
666 4025 1005 4116 τούπατρόςμου
1029 4027 1104 4114 έχω
1120 4023 1192 4114 γὰρ
1213 4030 1298 4097 ἐκεῖ
1317 4023 1663 4113 πέντεάδελφούς·

442 4213 528 4283 lem]
547 4214 591 4270 Lc-
606 4215 650 4270 16:
663 4215 730 4271 1911.

442 4384 458 4438 1
479 4381 572 4453 αὐτὸς]
590 4385 656 4438 Man
674 4386 803 4439 οτττυτίσί
821 4375 912 4449 οἶτος.
947 4382 984 4438 Es
1002 4385 1075 4439 kann
1095 4385 1161 4440 aber
1178 4385 1250 4448 sein,
1274 4384 1336 4438 dass
1355 4383 1403 4438 der
1420 4383 1495 4438 verr.
1512 4382 1570 4437 sich
1588 4381 1665 4435 nicht

355 4483 445 4536 ganan
463 4469 648 4538 ausgedrflekt
664 4469 722 4522 hat.
757 4467 836 4523 Auch
853 4467 929 4522 Rufi:
949 4469 1037 4536 »ipse«
1059 4469 1064 4536 Ι
1084 4469 1103 4523 θ
1122 4467 1174 4524 οὐκ
1191 4465 1304 4536 ἀγαθός
1321 4467 1347 4524 d.
1365 4467 1435 4521 HSS.
1456 4469 1461 4535 1
1479 4466 1499 4522 4
1516 4473 1567 4522 τοῦ
1584 4468 1661 4534 δημι-

355 4559 461 4622 ουργοῦ
472 4553 602 4620 εοεαε,
619 4559 671 4608 τοῦ
688 4551 831 4612 <d.1'1br.
847 4554 851 4620 ι
868 4552 907 4608 ιε
925 4555 983 4607 ιι.
996 4554 1077 4612 <1³¹
1093 4555 1097 4620 ι
1114 4553 1200 4620 ιειιυ
1217 4562 1249 4612 <
1262 4556 1286 4606 A
1301 4555 1306 4622 ι
1322 4553 1359 4608 ει
1379 4551 1409 4608 α
1427 4565 1458 4609 <
1471 4552 1531 4606 ειν
1547 4555 1551 4618 ι
1565 4551 1600 4606 τι
1615 4545 1661 4604 σεε

354 4633 424 4687 EFH
443 4635 503 4692 Rus.
521 4637 587 4705 Pie„
605 4628 660 4692 ὧδε
678 4636 798 4690 A¹B¹GD
817 4637 856 4704 (in
873 4655 930 4707 mg.
949 4633 1014 4706 ὅδε).
