3744 5524
363 493 422 556 116
918 485 1108 540 Adamantius.
1240 483 1281 540 De
1298 484 1327 538 la
1344 485 1403 540 Rue
1420 485 1459 538 111
1476 486 1673 547 emb-8351).

324 646 521 731 σβούλοιτο
553 645 757 737 φιλαλήθως
786 655 842 720 καὶ
871 650 916 739 μὴ
949 657 1154 739 φιλερίστως
1185 658 1298 738 ζητεῖν
1328 647 1372 720 τά
1402 656 1479 718 θεῖα
1508 646 1670 740 δόγματα,

363 744 494 839 εῦρὴσει
515 745 790 838 τηλαυγέστάτην
812 748 879 839 τὴν
892 745 1067 839 ἀλήθειαν.
1102 766 1206 820 ποῖον
1227 753 1263 819 δέ
1282 742 1421 837 δόγμαό
1442 753 1548 838 λέγεις
1567 745 1672 840 όρθό-

363 877 473 920 τατον
494 853 693 937 έγνωκέναι;
718 843 917 939 ἀποκρίνου,
941 853 996 919 ίνα
1017 854 1231 933 βασανισθεὶς
1251 843 1319 918 ἀπὸ
1342 855 1505 938 θατέρων
1526 845 1545 922 ό
1568 849 1672 940 λόγος

366 947 589 1039 φαιδρότερος
611 945 771 1036 ἀναφανῇ
791 948 885 1020 καθὰ
905 947 1027 1039 χρυσός
1047 943 1114 1019 ἀπὸ
1136 945 1244 1038 πυρός
1265 953 1487 1037 εἰργασμένος.

328 1061 346 1113 5
447 1055 551 1119 MAP.
583 1044 732 1120 ’Ἁτοιιον
754 1043 898 1138 ἡγοῦμαι
920 1046 961 1119 τό
984 1054 1092 1137 λέγειν
1115 1045 1199 1136 ῦμᾶς
1221 1046 1262 1120 τό
1284 1047 1392 1120 κακόν
1412 1043 1480 1120 ότιὸ
1502 1055 1566 1121 τοῦ
1586 1057 1674 1122 θεοῦ

365 1153 579 1237 γεγενῆσθαι,
610 1142 630 1218 ό
660 1146 742 1230 θεὸς
771 1147 834 1238 γὰρ
865 1154 982 1219 κακῶν
1012 1144 1174 1232 ἀναίτιος,
1203 1155 1260 1219 καί
1290 1145 1332 1218 τό
1360 1152 1471 1235 λέγειν
1495 1144 1581 1236 ὑμᾶς
1607 1150 1674 1222 τόν

365 1245 471 1336 λόγον
486 1253 549 1318 τοῦ
563 1254 648 1318 θεοῦ
663 1243 768 1336 σάρκα
783 1244 974 1338 ἀνθρώπου
988 1243 1218 1337 ἀνειληφέναι,
1240 1253 1296 1317 καὶ
1311 1243 1353 1318 τὸ
1376 1243 1519 1333 φάσκειν
1541 1248 1673 1339 ταύτην

365 1345 430 1437 τὴν
457 1343 577 1436 σάρκα,
610 1352 657 1429 ε’ίς
683 1345 726 1436 ἢν
747 1350 962 1437 ένδεδέμεθα,
985 1342 1195 1428 ἀνίστασθαι,
1238 1341 1380 1427 εἰκότως
1401 1344 1465 1436 γὰρ
1486 1346 1594 1436 ἄχθος
1615 1359 1674 1421 καὶ

332 1476 348 1513 ο
365 1452 452 1536 σῆμα
472 1452 528 1517 καὶ
549 1446 651 1536 δεσμά
672 1452 832 1536 κέκληται
853 1444 907 1516 διὰ
928 1445 970 1518 τό
991 1441 1232 1534 ἀμαρτήσασαν
1254 1444 1318 1534 τὴν
1340 1443 1453 1534 ψυχὴν
1479 1450 1672 1522 ἐνδεδέσθαι

315 1554 347 1608 10
364 1553 416 1636 τῷ
452 1545 584 1634 σώματι
618 1543 748 1634 τούτῳ,
786 1543 836 1629 αἶς
871 1541 891 1618 ό
927 1542 1121 1627 ἀπόστολος
1155 1549 1218 1616 τοῦ
1249 1551 1400 1632 Χριστοῦ
1434 1552 1571 1631 Παῦλος
1607 1555 1674 1642 βοᾷ

365 1646 531 1736 ῥνσθηναι
553 1641 621 1717 ἀπὸ
644 1645 889 1735 τοῦσώματος,
912 1650 1032 1732 λέγων·
1054 1651 1317 1732 ταλαίπωρος
1338 1644 1414 1733 ἐγὼ
1438 1643 1674 1734 ἄνθρωπος·

365 1753 428 1826 τίς
449 1773 492 1834 με
515 1742 675 1833 ῥύσεται
697 1749 738 1815 έκ
760 1744 1042 1830 τοῦσώματος
1064 1751 1137 1816 τοῦ
1159 1741 1346 1816 θανάτου
1367 1742 1534 1830 τοότου,·
1563 1753 1674 1820 ταῦτα

366 1841 410 1915 τὰ
431 1850 509 1931 τρία
531 1847 624 1915 έστὶν
645 1841 666 1914 ά
690 1851 790 1933 ζητῶ.

451 1950 572 2012 ΠΓΊῬ.
608 1950 688 2033 Περὶ
703 1948 765 2033 τῆς
780 1948 826 2026 είς
847 1940 932 2014 θεὸν
946 1951 1091 2026 πίστεως
1114 1945 1220 2016 έκθοο
1233 1949 1378 2033 πρῶτον
1397 1935 1491 2033 ὅρον,
1511 1951 1568 2018 καί
1592 1942 1675 2018 τότε

315 2056 347 2110 15
366 2048 477 2114 ταῦτα
500 2039 736 2132 ζητηθήσεται.

450 2149 554 2212 MAP.
591 2139 677 2213 Θεὸν
696 2137 791 2231 κάγώ
814 2143 873 2214 ἕνα
895 2149 981 2231 φημὶ
1002 2141 1088 2212 είναι
1109 2137 1158 2224 (ἀς
1178 2148 1235 2212 καί
1257 2137 1370 2226 αῦτός,
1392 2147 1449 2212 καί
1471 2161 1599 2231 σταιχεῖ
1616 2173 1675 2234 μοι

293 2256 345 2313 835
366 2233 422 2312 ότι
448 2241 495 2324 είς
520 2237 614 2324 θεός·
637 2248 642 2326 Ι
665 2246 743 2330 τρία
769 2247 806 2314 δὲ
832 2243 924 2312 έστιν
949 2245 987 2312 ἐν
1013 2240 1064 2323 οίς
1089 2237 1132 2313 οῦ
1157 2247 1405 2331 συμφωνοῦμεν
1432 2247 1475 2330 τῇ
1504 2251 1675 2332 καθολικῇ

367 2345 532 2431 ἐκκλησίᾳ.

451 2448 573 2511 Em
617 2448 704 2512 Ποῖα
725 2445 849 2525 ταῦτα,·

316 2555 350 2610 20
450 2546 554 2610 MAP.
600 2539 666 2612 Τὸν
691 2537 850 2624 διάβολον
876 2535 938 2628 οὐχ
962 2536 1030 2611 ἀπὸ
1056 2545 1142 2612 θεοῦ
1168 2544 1309 2630 λέγομεν
1337 2544 1504 2612 ἐκτίσθαι·
1534 2542 1676 2615 καὶτὸν

368 2636 519 2728 Χριστόν
546 2631 588 2710 οό
611 2645 753 2730 λέγομεν
778 2644 816 2712 έκ
841 2637 999 2728 γυναικός
1025 2645 1237 2729 γεγενῆσθαι·
1269 2646 1325 2711 καί
1350 2636 1392 2710 τό
1420 2645 1517 2730 σῶμα
1537 2641 1583 2732 μὴ
1606 2639 1676 2714 ἀνί-

367 2747 521 2810 στασθαι.

451 2844 517 2908 ΑΔ.
559 2833 755 2928 Ἀναγκαῖον
780 2836 823 2912 ἀν
849 2845 898 2928 είη
924 2844 961 2927 ἐξ
986 2829 1027 2912 οὗ
1054 2838 1119 2929 τὴν
1142 2835 1247 2926 ἀρχὴν
1273 2836 1422 2927 ἐποιήσω
1442 2844 1573 2913 ἐκεῖθεν
1594 2838 1676 2927 ίφιὶ-

368 2948 506 3020 φασθαι.
541 2955 768 3027 προσαγαγεῖν
782 2943 817 3011 δὲ
832 2934 911 3029 ἡμῖν
924 2942 1039 3010 αἰτίαν
1059 2937 1171 3024 βούλει
1192 2934 1241 3020 οός
1263 2933 1360 3027 ἡμῶν
1383 2935 1591 3024 φασκόντων
1606 2934 1673 3010 όιιό

315 3053 350 3106 25
369 3043 454 3108 θεοῦ
480 3036 521 3108 τό
547 3035 655 3108 κακὸν
677 3042 845 3122 ἐκτίσθαι,
876 3044 982 3110 τοῦτο
1003 3038 1067 3126 γάρ
1089 3035 1181 3128 ἡμεῖς
1204 3065 1313 3126 φαμεν
1334 3032 1442 3125 μόνον
1463 3040 1548 3111 εἶναι
1569 3037 1676 3111 κακόν

370 3134 411 3207 τό
434 3141 642 3225 στερηθῆναι
664 3145 737 3208 τῶν
760 3134 910 3225 ἀγαθῶν.

452 3241 555 3304 MAP.
592 3243 672 3319 Πῶς
694 3233 756 3308 οῦκ
779 3241 849 3309 ἔστι
869 3234 991 3322 κακόν,
1019 3231 1125 3310 όιιότε
1146 3241 1202 3308 καί
1224 3233 1287 3308 τόν
1310 3227 1392 3325 όφιν
1414 3240 1450 3321 §g
1471 3233 1574 3328 ἀρχῆς
1594 3235 1678 3308 ῦιιο-

369 3329 508 3418 βάλλειν
533 3341 576 3423 τῇ
598 3328 670 3428 Πῦρ
696 3342 782 3424 λέγει
808 3331 829 3426 ἡ
857 3333 986 3427 γραφὴ;
1016 3333 1102 3409 ἀλλὰ
1128 3345 1183 3409 καί
1210 3331 1370 3421 διάβολος
1397 3331 1616 3408 παντάπασιν
1642 3341 1680 3409 ἐν

370 3452 446 3517 ταῖς
466 3454 610 3522 γραφαῖς
636 3441 843 3525 εἴρηταικαὶ
865 3442 1014 3519 σατανᾶς
1035 3442 1090 3508 καὶ
1112 3433 1264 3525 πονηρὸς
1285 3444 1342 3507 καὶ
1362 3432 1558 3518 κακοποιός.
1600 3442 1675 3519 πῶς

318 3555 353 3609 30
372 3525 435 3606 οὖν
457 3541 574 3624 λέγεις·
597 3531 696 3606 οῦδὲν
718 3539 788 3609 ἔστι
809 3533 931 3620 κακόν;
953 3543 1035 3627 λέγε.

332 3649 351 3702 b
453 3640 522 3705 ΑΔ.
568 3643 605 3705 Τί
625 3640 698 3706 έστι
719 3634 761 3708 τό
782 3633 904 3722 κακόν;

454 3739 558 3806 MAP.
599 3729 632 3806 ‘0
653 3731 762 3824 φόνος
783 3741 876 3808 δοκεῖ
895 3759 948 3807 σοι
969 3735 1077 3808 κακόν
1097 3737 1198 3820 είναι;

454 3839 522 3904 ΑΔ.
563 3828 596 3905 ‘0
617 3833 675 3920 σός
697 3829 778 3924 ὅρος
799 3832 930 3924 σφόδρα
953 3831 1184 3924 ἀγαθώτατον
1207 3841 1354 3907 δείκνυσι
1375 3832 1439 3906 τόν
1462 3831 1582 3923 φόνον.

454 3939 558 4005 MAP.
598 3943 695 4021 Πῶς;

318 4048 353 4104 35
454 4039 521 4104 ΑΔ.
553 4029 656 4124 Ἐφης
670 4033 793 4126 δεσμὸν
814 4035 899 4107 είναι
913 4039 976 4124 τῆς
989 4039 1098 4123 ψυχῆς
1112 4031 1154 4104 τό
1176 4039 1282 4123 σῶμα,
1304 4040 1360 4105 καὶ
1374 4030 1528 4123 μάρτυρα
1542 4037 1680 4104 Παῦλον

372 4130 562 4222 παρήγαγες
577 4140 732 4222 λέγοντα·
754 4141 1011 4221 ταλαίπωρος
1026 4133 1102 4223 έγῶ
1119 4131 1355 4219 ἄνθρωπος·
1378 4141 1440 4217 τίς
1454 4161 1498 4224 με
1513 4131 1680 4226 ῥύσεται

370 4233 413 4301 έιι
443 4240 514 4304 τοῦ
544 4233 728 4325 σώματος
757 4241 830 4308 τοῦ
855 4231 1042 4307 θανάτου
1068 4231 1232 4318 τοῦτου;
1263 4227 1283 4306 ό
1310 4237 1346 4304 δὲ
1372 4231 1494 4321 φόνος,
1526 4225 1568 4303 όν
1597 4234 1681 4320 ἔφης

456 4420 555 4490 11f12]
574 4422 653 4479 Rom.
666 4425 693 4478 7:
707 4423 749 4478 24.

456 4569 476 4626 4
493 4571 571 4630 καθὰ
590 4575 616 4629 (1.
633 4574 713 4642 1188,
730 4569 771 4641 ὼς
788 4576 814 4631 d.
832 4575 851 4630 1.
869 4575 928 4631 Rue
951 4575 956 4644 Ι
978 4575 995 4631 θ
1012 4577 1203 4646 γεγεννῆσθαι
1220 4575 1245 4628 D
1269 4574 1273 4632 Ι
1298 4575 1316 4631 8
1335 4569 1383 4642 είς]
1402 4567 1435 4642 ἧς
1452 4572 1496 4639 Bt,
1521 4568 1538 4640 ἢ
1559 4567 1600 4635 είς
1617 4569 1684 4632 13²0,

369 4649 387 4724 ἦ
406 4655 432 4709 Δ
447 4655 452 4723 Ι
468 4655 505 4711 21
525 4663 715 4732 γεγεννῆσθαι
731 4659 849 4716 ΑΒοεΗ
864 4661 868 4728 ι
884 4659 921 4715 ω
942 4657 974 4716 οι
992 4668 1025 4720 <
1043 4659 1123 4715 σεο.
