3708 5498
192 494 307 568 (lupari
325 495 349 551 [Ι
367 510 390 548 c.
409 495 449 548 11.
469 495 509 548 12.
791 491 902 562 Dialog.
1463 489 1501 554 81

192 665 279 750 gelio
300 663 466 730 recitatum
489 665 544 728 est
585 661 643 726 Ait
668 664 1084 745 compescuissemus
1112 663 1185 741 quio
1209 662 1343 738 recepisti
1367 660 1445 721 hono
1469 662 1504 722 ία

191 773 258 830 utto
283 775 336 828 loo
355 773 383 828 et
402 765 543 828 Lamnae
564 765 703 826 simililer
723 765 811 824 molo.
853 765 944 824 Nono
964 769 1063 825 mrtem
1083 761 1237 840 requiescit
1256 761 1324 836 ίαία,
1352 767 1384 820 tu
1406 767 1505 821 auom

191 867 347 930 Μανία
392 861 651 928 Μααίίαείίααίιιια
680 879 755 945 ergo
782 861 877 926 etism
904 881 971 939 sos,
1000 859 1055 944 qui
1080 879 1144 923 non
1170 859 1302 922 credunt
1321 856 1426 939 Moysi
1452 856 1505 922 uel

192 963 364 1050 prophetis.
386 962 526 1028 declarat
545 982 648 1048 neque
670 961 699 1025 ei
721 959 894 1027 credituros
916 959 972 1044 qui
991 983 1011 1024 s
1031 958 1164 1024 mortuis
1185 959 1362 1022 resurrexit.

157 1159 173 1208 3
278 1169 304 1214 c.
325 1147 414 1215 ΧΠ.
448 1151 540 1210 Marc.
560 1149 600 1210 d:
624 1142 694 1210 Nos
716 1146 887 1229 prophetes
910 1147 941 1208 et
961 1142 1065 1226 legem
1086 1161 1150 1206 non
1170 1139 1348 1222 recipimus.
1391 1137 1505 1222 Neque

191 1247 279 1312 enim
300 1250 373 1312 sunt
394 1244 495 1312 nostri
515 1243 574 1309 dei
617 1242 812 1328 Suscipimus
833 1247 939 1308 sutem
961 1238 1161 1325 euangelium
1183 1243 1215 1304 et
1235 1238 1422 1322 apostolum

276 1351 332 1412 Ad.
352 1350 394 1411 d:
420 1343 521 1422 Quem
546 1341 744 1428 apostolum?
772 1341 892 1408 Multos
920 1342 1003 1406 enim
1031 1337 1143 1405 hebuit
1168 1338 1328 1422 apostolos
1354 1336 1505 1404 Christus.

277 1451 367 1510 diere.
388 1449 429 1508 d:
457 1441 601 1508 Paulum

277 1547 333 1610 Ant
353 1547 394 1608 d:
421 1541 515 1609 Unde
536 1543 620 1607 nosti
641 1543 718 1627 quio
740 1541 859 1606 Paulus
880 1541 1043 1625 spostolus
1065 1544 1132 1606 est?
1165 1538 1328 1625 Siquidem
1350 1540 1447 1606 hebes
1472 1541 1505 1606 in

141 1659 174 1708 1¹·
191 1642 360 1728 euangelio
386 1665 502 1710 nomen
528 1641 595 1708 eins
620 1642 785 1725 scriptum,
812 1644 954 1715 ostende;
982 1641 1011 1705 si
1035 1662 1110 1706 uero
1137 1661 1294 1723 nnsqusm
1319 1642 1415 1706 hebes
1443 1641 1505 1706 hoo

192 1745 357 1827 scriptum,
378 1744 461 1808 unde
483 1740 621 1806 didicisti
641 1743 727 1826 quod
747 1741 911 1826 spostolus
933 1741 996 1806 sit?

277 1849 369 1910 Mare.
389 1847 429 1907 d:
461 1839 532 1924 Ipse
552 1842 590 1905 de
612 1862 645 1905 se
666 1841 792 1924 scripsit
814 1841 933 1906 dicens:
961 1839 1080 1906 Paulus
1103 1841 1265 1926 spostolus
1287 1839 1358 1906 lesu
1381 1839 1507 1907 Christi

278 1947 334 2010 Ad.
356 1948 397 2008 d:
423 1937 527 2004 Nemo
547 1941 587 2005 ds
605 1961 639 2004 se
660 1939 730 2024 ipso
751 1941 966 2006 testimonium
987 1941 1092 2008 ferens
1114 1941 1189 2007 fidei
1210 1941 1325 2026 dignus
1348 1946 1411 2020 est,
1433 1939 1508 2024 quie

194 2041 321 2126 et‘ipse
343 2039 461 2106 Psulns
489 2039 582 2104 dixit:
614 2044 685 2104 Non
710 2045 764 2123 qui
788 2063 818 2104 se
843 2044 946 2121 speum
971 2046 1167 2120 commendat,
1201 2047 1249 2105 ille
1276 2045 1424 2122 probatus
1455 2051 1507 2105 est.

142 2151 174 2202 15
193 2141 230 2207 Si
251 2161 328 2227 ergo
349 2161 441 2205 nemo
463 2139 493 2204 ei
513 2138 729 2204 testimonium
751 2139 838 2204 dedit
859 2139 953 2218 elius,
978 2161 1080 2224 neque
1102 2139 1318 2225 euangelium,
1345 2141 1505 2223 quomodo

194 2247 316 2308 certum
338 2245 385 2304 est
407 2241 494 2323 qued
514 2240 566 2304 hio
588 2237 751 2321 spostolus
773 2243 841 2304 est?

277 2346 368 2406 Μανα.
389 2343 429 2404 d:
457 2335 523 2404 Uos
545 2341 628 2402 unde
650 2361 722 2402 eum
743 2338 919 2424 agnouistis
941 2361 1008 2404 esse
1030 2339 1220 2423 apostolum,
1248 2342 1323 2422 quie
1349 2363 1451 2426 neque
1473 2343 1505 2406 in

194 2439 310 2506 uestris
333 2437 508 2522 euangeliis
529 2441 698 2503 annotetus
720 2441 788 2504 est?

280 2543 336 2606 Ad.
357 2543 397 2604 d:
427 2535 505 2602 Iube
530 2535 595 2620 legi
620 2541 710 2602 eolus
736 2537 965 2620 apostolorum,
992 2543 1024 2604 et
1048 2537 1189 2603 inuenies
1217 2539 1245 2602 ei
1272 2539 1341 2602 deri
1363 2537 1504 2604 testimo·

139 2653 177 2706 :lo
196 2639 299 2718 nium,
324 2636 380 2702 uhi
402 2641 433 2701 et
454 2659 511 2702 uss
533 2635 695 2702 electionis
718 2659 736 2700 s
757 2635 882 2702 Christo
904 2638 1030 2718 dicitur,
1057 2642 1089 2703 et
1109 2636 1222 2702 Petrus
1245 2637 1323 2703 dicit
1343 2637 1505 2721 spostolus

196 2741 236 2804 de
258 2737 342 2823 ipso:
365 2739 536 2802 &modom
556 2740 744 2818 sapientiam,
765 2737 878 2821 inquit,
899 2760 974 2819 quoe
993 2741 1062 2801 doto
1082 2749 1126 2802 est
1144 2741 1237 2820 fratri
1256 2760 1321 2801 mee
1341 2741 1448 2804 Paule.

282 2841 367 2900 Ειαν.
388 2841 428 2902 d:
463 2834 643 2917 suscipitis,
676 2833 793 2910 Meros,
828 2841 917 2902 ectus
939 2836 1156 2919 apostolorum
1186 2841 1217 2902 el
1247 2835 1395 2920 epistolas
1427 2858 1505 2921 ques

196 2935 277 3000 dicit
298 2939 428 3001 eorum?

281 3041 374 3102 Maro.
388 3041 429 3102 d:
450 3031 519 3100 Nos
534 3038 657 3117 praeter
671 3035 872 3119 euangelium
887 3040 920 3100 et
932 3034 1112 3120 apostolum
1126 3035 1206 3101 nihil
1220 3034 1308 3099 eliud
1328 3034 1505 3118 recipimus.

140 3147 175 3200 25
280 3141 366 3199 Eser.
381 3139 418 3200 d:
441 3133 613 3198 delusisti
636 3137 667 3198 et
686 3133 839 3218 epistulas
862 3157 997 3220 quorum
1016 3136 1231 3218 apostolorum
1250 3138 1346 3200 sunt?
1373 3133 1505 3200 Memini

193 3255 333 3318 nomque
356 3236 441 3317 quod
461 3233 495 3298 in
514 3231 679 3316 euangelio
693 3234 860 3300 duodecim
876 3234 968 3302 electi
989 3240 1063 3300 sunl
1084 3234 1231 3317 discipuli
1254 3239 1286 3299 et
1306 3235 1360 3299 slii
1382 3240 1506 3319 septua-

194 3337 287 3418 gno
308 3336 379 3398 duo.

280 3437 335 3498 Ad
349 3437 391 3498 d:
412 3429 543 3498 Illorum
558 3435 640 3508 sunt,
662 3431 716 3517 qni
730 3431 763 3496 in
778 3432 943 3518 euangelio
966 3433 1075 3517 scripti
1089 3439 1170 3513 sunt,
1192 3437 1281 3499 ectus
1303 3439 1334 3498 ei
1356 3434 1506 3519 epistolae

195 3535 228 3596 et
250 3531 423 3616 euangelio„
466 3530 521 3611 Et,
547 3530 575 3596 si
595 3529 712 3614 placet,
737 3533 810 3617 lego
831 3533 893 3599 hoo
914 3532 1067 3616 scriptum
1091 3537 1122 3598 et
1143 3535 1302 3617 quomodo
1324 3534 1504 3616 praedicere

140 3643 176 3698 αα
195 3630 399 3716 euangelium
421 3630 613 3696 missisunt

281 3745 300 3801 ⁸
318 3745 427 3802 »Elium
445 3763 505 3802 eos«
525 3745 562 3800 ist
578 3763 634 3800 von
651 3745 727 3800 einer
744 3745 864 3800 anderen
876 3745 958 3800 Hand
975 3747 1017 3800 sls
1035 3746 1084 3802 der
1099 3747 1148 3802 des
1159 3746 1315 3802 Schreibers
1326 3745 1378 3801 mit
1389 3746 1505 3801 feinersr

198 3829 256 3884 und
279 3829 417 3886 kleinsrsr
434 3830 537 3886 Schriit
557 3828 587 3884 in
610 3829 672 3885 eine
688 3829 781 3884 Lucus
803 3831 954 3900 eingeidgh
990 3831 1022 3884 In
1044 3830 1132 3888 dieser
1153 3831 1236 3886 stsnd
1257 3829 1400 3888 vielleioht
1421 3833 1507 3886 etvss

196 3913 327 3980 sudores,
349 3931 407 3968 ns
425 3914 578 3970 susrsdiert
599 3913 656 3968 und
673 3912 725 3967 mit
743 3914 843 3968 »etism
862 3932 922 3970 sos«
943 3917 1043 3970 ersetrt
1059 3914 1161 3970 words.
1197 3915 1252 3970 Der
1269 3932 1310 3986 gr.
1327 3915 1357 3968 Τ.
1374 3917 1423 3969 καὶ
1440 3913 1506 3980 τοὺς

195 4000 235 4066 μὴ
254 3997 492 4066 muretensem
513 3997 578 4054 cod
596 3997 700 4064 hebuit,
723 3997 776 4052 mit
794 4015 840 4052 »e«
860 3999 929 4054 dher
947 4016 992 4053 »e«
1009 4000 1071 4066 120
1088 4002 1116 4054 et
1133 3999 1162 4054 P.
1180 3999 1232 4054 dio
1250 3997 1302 4069 sp]
1321 3997 1356 4053 So
1375 3997 1423 4052 der
1440 3998 1506 4054 Cod.

196 4081 252 4136 Der
273 4099 313 4153 gr.
334 4083 365 4136 Τ.
387 4083 426 4152 m>
448 4081 478 4140 di
500 4079 555 4138 ὑπὸ
576 4079 690 4156 Πέτρου
711 4089 763 4139 ταῦ
789 4080 951 4140 ἀποστόλου
974 4081 1176 4156 γεγραμμένον
1200 4085 1205 4152 Ι
1229 4082 1316 4149 mil
1343 4099 1411 4152 ques
1438 4080 1506 4136 dicit

196 4165 301 4237 eorum]
319 4167 355 4222 So
368 4167 417 4224 der
428 4167 493 4224 (lod.
522 4165 689 4222 Schwerlich
705 4165 815 4236 riohtig.
846 4167 949 4223 »Dido«
968 4170 1071 4222 musste
1089 4166 1228 4222 entwedsr
1243 4166 1294 4221 sur
1302 4166 1399 4221 Petrus
1417 4165 1506 4235 gehen

196 4251 264 4307 oder
285 4251 462 4323 impersonell
486 4251 636 4322 suigefesst
659 4250 776 4306 werden.
811 4252 886 4307 Aber
903 4252 932 4306 in
955 4253 1009 4307 den
1029 4253 1119 4322 engsl.
1138 4251 1255 4307 Worten
1273 4249 1349 4304 Petri
1370 4247 1408 4304 ist
1429 4249 1507 4304 nicht

197 4353 252 4390 von
275 4336 329 4392 den
345 4335 457 4392 Brisfcn
478 4335 526 4390 der
541 4335 663 4403 Aperiat,
692 4335 810 4392 sonderu
832 4353 885 4390 nur
907 4336 954 4391 des
972 4335 1073 4391 Paulus
1095 4336 1140 4392 die
1164 4335 1249 4400 Rede,
1275 4334 1335 4390 und
1356 4332 1401 4388 die
1422 4333 1507 4388 dritto

196 4419 272 4476 Pers.
295 4419 370 4491 Sing.
392 4421 471 4476 hnn
495 4419 525 4474 in
551 4418 614 4474 dem
639 4437 677 4474 en
704 4419 865 4490 »epistolu-
893 4420 1141 4491 sngeschlcsssnen
1167 4419 1311 4476 einfsohsn
1336 4417 1506 4472 Belstivsstz

199 4521 284 4574 »ques
301 4504 384 4560 dicit«
408 4505 486 4560 nicht
507 4503 685 4574 impersonell
705 4505 810 4560 stehen.
845 4503 911 4558 lien
932 4505 983 4558 het
1004 4503 1090 4558 dsher
1112 4504 1186 4561 wohl
1210 4520 1294 4574 »ques
1310 4501 1421 4557 dieunt·
1440 4502 1508 4558 oder

199 4605 287 4658 »quse
304 4588 446 4644 dicuntur«
467 4607 501 4644 sn
517 4589 602 4644 lesen.
638 4587 694 4644 Der
710 4607 752 4659 gr.
769 4589 840 4644 'l'ext
856 4587 907 4642 hel
923 4589 984 4643 hier
1000 4591 1086 4643 etwas
1104 4607 1173 4657 gens
1191 4587 1313 4642 anderes
1349 4586 1508 4654 (Vielleicht

198 4679 309 4803 mussini
326 4673 446 4804 virinus
463 4673 508 4728 hei
527 4671 626 4727 »dicis«
646 4671 688 4726 sls
705 4673 829 4742 Subject:
846 4673 1030 4728 Adamantius
1047 4673 1165 4730 denksn.
1182 4702 1216 4715 —
1233 4673 1276 4740 B).

256 4759 277 4803 Α
294 4761 424 4804 mutu.
